3300 5342
676 532 879 614 rmmm
1316 484 1398 576 st*

180 682 354 748 doctoratus
370 681 555 755 vndecimno,
572 686 603 746 et
617 681 726 767 lncipit
741 681 800 747 deo
817 680 896 747 bene
909 681 1032 746 sanante
1050 701 1145 745 annno
1161 677 1368 755 duodecimae.

180 810 267 880 mem
283 792 357 858 deno
373 793 521 878 glociosna
531 793 618 879 snper
630 792 805 878 semperque
816 789 994 857 benedictae
1006 789 1035 853 in
1049 788 1091 854 sol
1102 788 1230 855 nominis
1241 788 1369 872 gloriam

178 906 211 967 et
223 903 349 988 proximi
365 902 521 967 rtilitatem
536 906 567 966 et
582 902 811 968 consolationem
827 900 902 965 flnat
913 900 1044 965 feliciter
1054 899 1247 987 pertransire.
1264 898 1367 964 Amen.

179 1011 282 1076 Amen.
306 1014 409 1074 Amen.
440 1007 514 1074 lllC.
530 1007 604 1074 lllC.
636 1010 711 1075 llinc
735 1029 823 1075 omne
844 1010 1042 1096 principiam,
1064 1009 1123 1075 hnc
1144 1008 1225 1073 reser
1247 1009 1368 1073 exitam.

177 1121 251 1185 ltem
267 1118 412 1205 usquead
428 1119 669 1205 thomeapottoli
692 1119 767 1184 duaa
790 1119 884 1184 librae
907 1119 937 1183 d.
961 1139 977 1182 a
1002 1122 1151 1184 conventu
1167 1118 1205 1183 ad
1221 1118 1255 1183 S.
1273 1118 1367 1184 dora·
1387 1138 1427 1184 21.
1445 1138 1495 1184 aee.

180 1230 291 1295 theam.
323 1229 404 1294 Alias
420 1250 509 1295 annm
531 1229 674 1295 dorennm
694 1228 867 1301 nonensem,
891 1228 911 1291 8
928 1226 995 1292 libr.
1013 1228 1055 1301 d..
1073 1228 1092 1292 3
1108 1227 1159 1300 sn,
1177 1230 1197 1293 a
1215 1227 1245 1292 d.
1270 1228 1368 1293 Bene·

178 1320 312 1404 dicamne
330 1338 460 1402 domino.
488 1338 521 1401 ln
546 1338 656 1421 vigilia
677 1338 779 1406 thome
800 1359 903 1405 rumor
927 1345 993 1404 erat
1008 1339 1048 1404 de
1063 1323 1202 1404 conclusa
1217 1339 1276 1404 iam
1291 1355 1368 1423 pace
1386 1356 1426 1403 aa.
1443 1358 1494 1403 aaa.

176 1447 257 1512 inter
272 1447 403 1512 cesarem
419 1453 451 1512 et
465 1466 570 1531 regem
587 1447 737 1532 lingerio,
759 1469 815 1535 per
839 1451 946 1516 ducem
967 1435 1122 1515 libertum
1137 1455 1168 1514 et
1184 1468 1289 1534 regem
1305 1450 1368 1514 Vn·

175 1555 263 1638 garie
278 1555 310 1619 in
325 1554 574 1630 markrnernarff,
590 1558 621 1619 in
637 1557 737 1622 medio
752 1558 853 1624 melici
865 1564 897 1624 et
907 1560 1038 1624 civitatis
1051 1559 1084 1624 S.
1097 1557 1204 1644 ypoliti
1218 1556 1259 1645 ¹),
1276 1556 1369 1645 usqne

175 1668 213 1734 ad
237 1669 333 1733 nancti
356 1668 449 1752 egidij
470 1669 594 1743 sestam,
619 1672 733 1736 interea
750 1667 880 1734 finaliter
895 1674 927 1732 et
941 1666 1132 1751 integraliter
1148 1666 1366 1733 concludenda.

174 1778 280 1849 Amen,
297 1756 377 1842 bone
391 1776 484 1848 ihesu,
500 1778 603 1843 lmen.
631 1778 871 1853 „llisericor'diaa
888 1778 1000 1843 domini
1017 1779 1047 1842 in
1064 1757 1221 1843 cornone
1239 1776 1367 1843 cantabo

173 1884 286 1968 psalmo
304 1884 357 1951 88.
374 1886 459 1950 Anno
476 1884 530 1952 88.
554 1883 617 1950 son
639 1906 716 1951 anno
737 1889 839 1972 itaque
861 1885 923 1953 88·
936 1887 1028 1973 usqne
1043 1885 1080 1951 ad
1097 1886 1177 1952 diem
1193 1886 1287 1952 sancti
1303 1888 1367 1963 An·¹
1408 1914 1413 1923 ·
1451 1920 1520 1967 uae.

172 1993 249 2057 tonii
266 2013 373 2059 nonem
388 1992 481 2058 libras
497 1993 546 2065 d.,
573 1994 649 2061 isa.
669 1995 717 2068 d.,
740 1992 806 2062 td.
824 2002 856 2061 et
871 2015 959 2061 vnum
976 1997 1123 2085 florenum
1137 1996 1302 2061 renensem.
1327 1994 1367 2059 Et
1387 2013 1425 2058 rr.
1438 2011 1488 2070 nn.

172 2103 285 2168 iterum
300 2103 425 2167 alterum
441 2104 472 2168 sn
486 2106 621 2190 prolecto
637 2105 758 2189 Antonii
775 2126 811 2170 ex
828 2106 979 2191 preposito
996 2105 1034 2170 ad
1050 2106 1083 2170 S.
1099 2103 1295 2177 dorotheam,
1311 2125 1367 2190 pro
1388 2123 1426 2168 ro.
1438 2121 1488 2180 jin.

172 2233 253 2277 nono
270 2214 364 2278 Anno.
410 2213 483 2278 ltem
510 2215 540 2277 tn
568 2216 700 2300 profesto
725 2214 774 2282 nel
796 2216 900 2299 vigilia
923 2217 1084 2303 epiphanie
1111 2216 1153 2280 ini
1179 2214 1217 2279 ad
1244 2220 1367 2280 termae.
1402 2230 1487 2288 Μαι.

170 2322 289 2387 Reaeai
303 2323 392 2387 tertia
408 2323 485 2387 seria
500 2329 569 2389 ante
590 2325 720 2389 Antonii.
744 2324 825 2390 Lana
848 2325 906 2389 deo
931 2325 1057 2410 cinoque
1074 2325 1233 2408 genetrici,
1255 2324 1367 2408 virgini
1388 2342 1426 2388 re.
1438 2340 1488 2400 ju.

172 2434 282 2498 marie.
305 2434 409 2497 Amen.
433 2434 540 2498 Amen.

263 2543 338 2606 ltem
354 2542 489 2609 dominns
505 2546 669 2628 georgiae,
692 2546 835 2630 magister
849 2546 993 2628 georgius
1010 2545 1138 2628 gaddel,
1155 2543 1249 2609 nater
1264 2544 1367 2615 matria

169 2652 273 2716 uario
289 2672 368 2730 mee,
385 2651 446 2718 filie
463 2654 603 2728 steterim,
620 2653 700 2720 dono
715 2655 789 2719 mihi
805 2653 889 2719 dedit
906 2673 993 2719 mum
1010 2654 1181 2739 peccarium
1193 2652 1366 2727 osculatum,

170 2760 346 2845 ponderans
362 2761 468 2845 viginti
485 2767 611 2849 quatuor
626 2782 742 2828 marcae
755 2764 883 2846 argenti.
895 2764 972 2828 intra
984 2761 1136 2827 deauratio
1150 2762 1270 2837 osculia,
1282 2766 1367 2827 extra

171 2890 248 2934 aero
264 2869 402 2935 omnibns
419 2870 551 2937 restibus
569 2870 611 2957 ¹).
641 2871 722 2938 Velit
737 2872 832 2945 dena.
848 2879 881 2937 ut
898 2894 933 2938 ex
949 2874 998 2939 sua
1014 2873 1132 2959 paralisi
1149 2872 1255 2937 dextra
1271 2873 1367 2939 latere

171 2977 332 3043 liberetur.
378 2980 450 3045 ltem
466 2980 559 3066 nsque
575 2980 612 3046 ad
632 2982 712 3067 pauli
728 2983 860 3068 quinque
874 2981 970 3066 librae
985 2981 1026 3056 d,
1044 2981 1064 3046 t
1081 2981 1120 3046 sn.
1139 2980 1168 3046 d.
1192 2981 1224 3045 ln
1241 3001 1300 3065 qno
1316 2980 1366 3047 die
1385 2996 1424 3042 no.
1437 2996 1487 3054 ju.

170 3086 255 3173 pauli
271 3087 413 3154 dictatam
430 3095 461 3155 et
477 3092 646 3157 conclusum
668 3091 712 3156 est
732 3113 789 3176 per
810 3092 964 3157 doctorem
989 3091 1138 3157 medicine
1154 3091 1314 3156 iohannem
1329 3111 1367 3156 ex

170 3197 355 3280 saligenstat,
372 3198 453 3282 quod
471 3218 539 3281 ego,
556 3206 588 3264 nt
604 3201 702 3264 senior
717 3200 823 3274 lector,
840 3200 938 3283 legam
955 3200 1029 3265 hora
1041 3199 1170 3264 secunda
1183 3205 1215 3264 et
1225 3199 1366 3284 magister

172 3306 322 3390 georgius
338 3308 440 3374 lohebl
456 3309 529 3373 hora
550 3309 747 3383 duodecima,
775 3311 911 3394 quamnia
936 3309 1033 3374 senior
1055 3308 1172 3376 doctor.
1206 3309 1288 3374 Lana
1310 3307 1364 3373 tihi

152 3404 156 3411 ’
173 3414 258 3479 bone
273 3415 367 3481 ihesu.
396 3417 435 3482 Et
450 3417 585 3504 sequenti
601 3425 670 3505 post
686 3420 768 3504 pauli
785 3419 886 3504 incepi
902 3419 1007 3502 legere
1022 3419 1097 3484 hora
1113 3419 1255 3484 secunda.
1281 3419 1364 3485 Deua
1383 3438 1422 3484 no.
1436 3437 1486 3495 jan.

171 3524 253 3589 bene
269 3524 373 3609 legere
387 3527 460 3592 milri
477 3527 635 3593 concedat
656 3530 758 3593 Amen.
812 3527 887 3593 ltem
910 3527 1001 3613 usqne
1025 3528 1062 3593 ad
1087 3529 1128 3592 18
1152 3526 1309 3604 februarii,
1333 3528 1364 3593 in
1385 3547 1422 3593 aa.
1439 3546 1498 3594 reor.

170 3632 308 3719 prolecto
325 3633 491 3710 Valentini,
518 3632 580 3724 qna'
599 3637 648 3701 die
663 3638 705 3704 ini
722 3638 758 3702 ad
776 3638 809 3702 S.
826 3637 1013 3723 Leopoldum
1030 3657 1096 3703 onm
1114 3637 1203 3702 atllne
1219 3658 1285 3704 meo
1301 3659 1365 3732 ma·

170 3744 271 3825 giotro
293 3744 421 3827 georgio
445 3745 557 3827 gundel
582 3752 613 3809 et
639 3745 781 3812 valentini
807 3748 995 3820 renenimna,
1023 3751 1055 3811 et
1075 3747 1176 3811 terrea
1203 3749 1312 3812 ciuitas
1333 3752 1365 3812 et
1384 3765 1422 3813 14.
1438 3765 1497 3825 conr.

170 3851 299 3916 castrmn
316 3852 538 3919 sarichtenstain
555 3856 585 3919 in
601 3875 704 3921 manua
719 3857 805 3939 regia
818 3856 950 3939 Vngarie
961 3856 1099 3930 traditur,
1111 3856 1207 3922 Vnum
1219 3856 1364 3922 florenum

168 3960 386 4042 mgaricalem,
402 3982 490 4027 vnum
506 3964 651 4030 florenum
666 3965 831 4040 renensem,
849 3964 956 4030 decem
974 3964 1065 4029 librae
1082 3964 1112 4029 d.
1146 3963 1227 4030 [rana
1252 3966 1310 4031 deo
1332 3973 1365 4032 et

210 4375 234 4447 ¹)
253 4376 339 4433 [leber
357 4378 432 4433 dicae
445 4379 630 4455 Verbandlnng
650 4382 686 4439 iat
702 4401 734 4438 zu
752 4358 920 4457 vcrgleiclran
932 4385 956 4443 J.
972 4386 1000 4441 F.
1013 4386 1189 4458 lleiblinger'a
1202 4386 1364 4443 Gerchichtc

256 4467 349 4533 stello,
371 4470 395 4533 l,
408 4469 471 4535 881,
483 4470 606 4527 Anmerk
620 4475 665 4529 Nr.
679 4474 706 4530 4.

207 4556 233 4629 ¹)
251 4559 304 4613 Dae
316 4559 352 4613 iet
364 4558 406 4613 ein
418 4560 454 4615 24
466 4561 539 4618 llari
552 4564 685 4620 achwerer
698 4564 826 4621 ailberder
839 4566 942 4622 Becher
959 4568 1007 4623 mit
1024 4568 1236 4635 Schndbelehen,
1263 4571 1363 4628 welche

255 4649 332 4796 pinon
350 4651 488 4722 vergoldet
512 4670 613 4720 waren,
644 4657 693 4712 wie
714 4656 756 4712 die
779 4657 970 4730 Verziernngan
991 4659 1057 4727 oder
1079 4660 1289 4737 Verkleidangen
1314 4663 1362 4720 der

278 4741 435 4797 aasenoeite.
