3300 5342
273 488 349 560 214
824 516 902 572 aare.
1033 519 1035 524 ·

361 665 434 747 (Βὶ.
455 662 575 748 168⁶.)
598 663 737 730 Caesaris
754 687 932 752 responsum
948 666 1126 733 Oratoribus
1143 668 1317 732 Interiorum
1329 667 1455 733 Prouin-

270 772 383 838 ciarum
398 773 546 839 lustriae.
571 773 661 840 Circa
677 775 896 858 expeditionem
913 776 1080 850 oratorum,
1092 797 1110 841 a
1122 776 1290 843 Prouinciis
1302 778 1455 843 interioris

269 881 407 969 nustriae
423 884 676 959 transmissorum,
693 885 834 950 Maiestas
851 884 1000 950 Caesarea
1016 890 1048 949 et
1063 884 1227 960 Catholioa,
1244 907 1299 951 suo
1315 907 1350 950 ac
1367 907 1455 952 sare·

270 990 386 1056 nissimi
402 989 584 1056 Fordinandi
596 993 697 1058 fratris
710 995 774 1060 eius
786 996 916 1068 nomine,
933 994 988 1059 sub
1001 1016 1124 1082 quorum
1136 997 1272 1061 Dominio
1285 995 1455 1061 huiusmodi

271 1101 448 1166 Prouincias
464 1107 534 1167 sunt
549 1102 740 1178 constitutae,
757 1125 849 1190 super
864 1104 1000 1170 omnibus
1015 1111 1046 1170 et
1060 1105 1188 1187 singulis
1204 1127 1259 1192 per
1275 1107 1359 1190 ipsos
1376 1104 1455 1170 Ora-

270 1216 362 1284 tores,
377 1216 439 1276 tum
454 1211 557 1286 serbo,
573 1216 635 1276 tum
647 1215 760 1298 scripto
773 1213 913 1278 exhibitis
926 1232 962 1278 ac
971 1216 1144 1299 propositis,
1158 1217 1198 1278 ita
1210 1214 1454 1299 respondendum

272 1318 418 1395 decreuit,
435 1325 525 1405 prout
540 1324 689 1407 sequitur:
890 1328 892 1331 ’

365 1428 398 1492 ln
415 1431 534 1515 primis,
551 1431 631 1515 quod
647 1453 698 1496 sua
715 1432 869 1503 Maiestas,
885 1438 1032 1518 tamquam
1048 1433 1192 1499 Dominus
1208 1435 1456 1517 gratiosissimus,

270 1544 386 1624 gratum
402 1539 507 1606 babuit
521 1544 553 1606 et
567 1545 723 1627 acceptum
738 1541 897 1608 aduentum
913 1543 1047 1628 ipsorum
1063 1542 1238 1619 Oratorum‚
1256 1550 1287 1610 et
1302 1565 1356 1611 eos
1372 1546 1456 1612 relut

271 1650 464 1715 charissimos
480 1655 510 1713 et
521 1649 629 1715 fideles
641 1649 775 1715 subditos
788 1671 860 1717 suos
870 1650 999 1716 libenter
1010 1653 1095 1727 uidit,
1106 1658 1196 1736 prout
1209 1636 1297 1719 etiam
1308 1655 1339 1718 in
1352 1676 1454 1720 esrum

177 1818 180 1823 .
271 1760 368 1844 primo
385 1758 524 1825 adventu.

360 1867 516 1940 Secundo,
539 1869 618 1954 quod
639 1890 691 1933 sua
714 1869 856 1934 Maiestas
878 1868 969 1954 plane
991 1871 1149 1937 informata
1170 1873 1227 1938 tuit
1248 1874 1288 1938 de
1316 1872 1455 1939 omnibus

271 1978 428 2062 scripturis
451 1981 482 2041 et
502 1978 738 2044 ordinationibus
763 1999 798 2044 ac
819 1978 1065 2045 instructionibus
1088 2002 1144 2066 per
1164 2003 1218 2047 eos
1235 1982 1387 2048 exhibitis.
1411 1981 1456 2048 llr

271 2085 378 2170 quibus
394 2085 476 2150 clare
491 2086 567 2170 (Bt.
587 2086 708 2171 1692)
725 2088 904 2163 ostenditur,
921 2088 1063 2175 quiequid
1079 2110 1135 2175 per
1150 2090 1272 2155 easdem
1282 2091 1456 2176 prouincias

271 2199 341 2280 post
361 2195 431 2259 Diui
454 2193 721 2261 Caesaris‘obitum
739 2195 910 2271 decretum,
934 2203 1076 2263 statutum
1099 2221 1153 2265 sau
1169 2200 1336 2266 ordinatum
1352 2200 1455 2274 luerit,

270 2310 302 2370 ut
327 2307 412 2390 ipsae
438 2304 616 2369 Prouincias
644 2306 799 2390 usquead
826 2305 984 2374 adventurn
1012 2309 1205 2375 Dominarum
1233 2328 1371 2383 suorum,
1399 2331 1455 2375 seu

271 2413 395 2480 alteruis
411 2434 524 2486 eorum,
542 2414 571 2478 in
587 2413 665 2479 bona
681 2435 774 2500 pace,
799 2417 900 2501 quiete
923 2422 954 2480 et
970 2417 1185 2504 tranquillitate
1200 2424 1265 2483 tutc
1280 2420 1455 2484 conseruari

270 2530 405 2610 possent.
429 2522 468 2587 ut
491 2523 564 2587 licet
583 2543 642 2587 non
664 2522 795 2607 ambigat
817 2544 871 2588 sua
894 2523 1054 2599 Maiestas,
1078 2525 1154 2591 baec
1177 2529 1275 2591 omnia
1298 2528 1336 2591 ad
1359 2526 1455 2592 bonos

270 2633 345 2698 lines
362 2638 393 2697 et
408 2631 486 2698 bono
504 2632 569 2698 uelo
585 2636 689 2716 gesta,
714 2653 809 2718 eaque
825 2637 871 2699 sic
887 2654 943 2719 per
958 2656 1012 2700 eos
1029 2636 1124 2700 tuisse
1147 2641 1275 2711 tentata,
1298 2638 1364 2721 ipsa
1380 2657 1455 2702 uera

271 2744 425 2819 fidelitate,
442 2743 626 2829 synceritate
642 2749 673 2807 et
692 2742 900 2818 obseruantia,
921 2765 1009 2829 quarn
1031 2766 1154 2831 semper
1169 2747 1205 2811 ad
1221 2766 1293 2811 suos
1309 2746 1455 2811 Dominos

270 2853 383 2919 habere
399 2857 623 2918 consueuerant
641 2854 699 2936 ipsi
722 2853 851 2926 subditi,
876 2858 1016 2938 tanquam
1032 2857 1189 2940 cupientes
1205 2857 1338 2940 ipsorum
1353 2856 1456 2920 Domi-

270 2982 377 3029 narum
393 2961 578 3028 eommodum
595 2966 625 3025 et
640 2968 845 3046 augmentum,
867 2983 902 3027 ac
919 2962 1081 3028 earundem
1096 2965 1321 3048 prouinciarum
1337 2965 1456 3030 securi·

270 3076 377 3147 tatem,
404 3072 446 3136 ita
473 3075 507 3135 ut
532 3072 598 3159 ipsa
619 3070 764 3134 Maiestas
786 3069 918 3136 Cesarea
942 3071 1114 3137 huiusmodi
1134 3078 1222 3156 gesta
1244 3074 1275 3136 in
1299 3072 1453 3138 meliorem

269 3187 384 3268 partem
400 3177 728 3246 summenda'canseat:
752 3179 886 3245 sanctius
901 3185 1000 3244 tamen
1016 3186 1167 3266 putasset,
1192 3182 1218 3246 si
1240 3182 1277 3247 ad
1305 3182 1454 3255 redditus,

270 3294 444 3376 prouentus,
457 3289 612 3373 jurisffll.
632 3284 931 3371 169⁸.)dictionem,
955 3291 1214 3376 superioritatem,
1239 3292 1356 3377 aliaque
1379 3293 1453 3358 lura

269 3401 409 3485 Megalia,
430 3400 468 3465 ad
483 3419 587 3464 eorum
602 3398 759 3484 Principes
776 3406 807 3463 et
823 3400 967 3466 Dominos
982 3403 1180 3487 pertinentia,
1209 3403 1247 3467 iis
1263 3404 1452 3479 inconsultis,

269 3529 456 3597 nequaquam
471 3529 576 3573 manus
592 3509 818 3594 apposuissent,
841 3530 898 3575 nec
921 3511 1047 3575 formam
1068 3511 1251 3596 liegiminis‚
1273 3514 1454 3598 aquondam

272 3624 427 3688 Maiestate
444 3617 592 3684 Caesarea
615 3618 714 3684 felicis
740 3620 902 3685 memoriae
926 3622 1099 3695 constituti,
1122 3642 1158 3687 ac
1180 3621 1246 3687 eius
1269 3625 1451 3689 testamento

270 3731 436 3818 approbati,
453 3728 575 3815 propria
592 3728 787 3814 quorumdam
804 3751 841 3793 ex
857 3731 903 3793 eis
919 3731 1101 3797 authoritate
1116 3732 1332 3798 inmutassent
1350 3735 1452 3817 Quan-

270 3840 429 3927 doquidem
445 3840 545 3911 etiam,
562 3837 588 3901 s'i
604 3836 676 3924 qnid
692 3838 947 3923 reprehensione,
975 3861 1029 3905 seu
1046 3843 1199 3926 punitione
1214 3842 1337 3923 dignum
1352 3845 1382 3907 in
1394 3844 1454 3908 ali·

270 3972 344 4038 quos
361 3951 456 4034 ipsius
471 3934 637 4030 liegiminis
653 3945 849 4013 consiliarios
866 3948 1087 4033 deprehensum
1102 3951 1234 4025 dicatur,
1251 3952 1362 4016 nemini
1377 3973 1453 4018 cou-

269 4059 413 4145 grnebat,
430 4057 489 4123 sibi
509 4057 570 4141 ipsi
591 4057 646 4121 lus
670 4057 788 4130 dicere,
815 4057 871 4122 sed
898 4059 935 4123 ad
951 4061 1122 4144 superiores
1138 4062 1221 4146 prius
1238 4060 1451 4127 recurrendum

269 4173 374 4235 luisse.
398 4167 574 4251 Priusquam
595 4169 659 4230 erat
681 4166 1024 4250 consulenda-Majestas
1041 4169 1107 4253 ipsa
1123 4168 1272 4234 Caesarea
1289 4176 1320 4234 et
1335 4169 1450 4236 Catho-

270 4279 344 4351 lica,
363 4299 417 4342 una
435 4277 627 4349 cumfratre,
651 4296 705 4359 pro
722 4282 868 4358 oportuno
885 4276 1033 4351 remedio,
1055 4280 1106 4364 qui
1123 4279 1254 4343 debitum
1269 4280 1452 4363 praesidium

270 4390 413 4454 malorum
435 4386 586 4451 auersioni
609 4385 831 4469 praebuissent.
863 4384 983 4452 Confisa
1005 4389 1081 4473 (131.
1108 4390 1232 4475 170⁶.)
1261 4390 1452 4457 nibilominus

270 4517 323 4563 sua
339 4497 483 4562 Maiestas
499 4494 537 4559 de
552 4495 687 4579 ipsorum
703 4494 889 4559 subditorum
905 4495 1057 4573 fidelitate,
1075 4500 1115 4563 nil
1128 4518 1164 4562 ex
1176 4498 1343 4564 huiusmodi
1355 4502 1452 4584 gestis

270 4628 372 4674 eorum
387 4608 471 4692 prius
488 4605 684 4670 damnandum
700 4625 756 4669 seu
770 4607 993 4672 retrudendum
1009 4608 1137 4681 censuit,
1150 4628 1237 4691 quam
1248 4608 1338 4694 plene
1349 4629 1452 4674 eorum

269 4719 476 4783 exeusationes
493 4713 630 4779 audierit.
647 4713 757 4777 Verum
773 4714 863 4778 huius
875 4717 920 4779 rei
931 4715 1178 4803 disceptationem
1190 4717 1220 4779 in
1232 4715 1311 4780 aliud
1323 4723 1450 4802 tempus,
