3300 5342
276 496 326 567 22
829 519 909 574 soso.

275 669 406 744 danubii,
422 690 478 754 pro
494 673 621 756 quatuor
636 669 666 732 d.
684 668 904 741 viennensibus,
922 667 991 752 quia
1006 664 1052 729 isti
1067 667 1098 729 in
1109 665 1285 746 neonburga
1297 664 1464 739 claustrali,

274 799 342 845 eum
358 778 529 845 bambardis
544 778 708 861 sagittando
723 777 761 842 ad
777 797 882 842 navem
897 775 1014 863 plenam
1029 773 1156 860 panibus
1175 774 1235 841 buc
1245 777 1292 840 ira
1302 776 1463 848 volentem,

135 906 176 953 aa.
191 906 259 952 mart
276 889 493 955 destruxerunt.
517 888 590 952 item
606 887 697 971 usque
713 886 749 950 ad
767 886 811 952 28
827 886 932 959 marci,
948 886 979 949 in
995 905 1053 971 quc
1066 886 1165 968 agitur
1177 903 1281 959 annus,
1296 884 1375 972 quod
1386 884 1463 950 banc

276 998 394 1063 domum
411 982 575 1070 intraviin
593 1016 651 1080 qno
668 997 719 1061 die
733 998 877 1080 preterito
894 1015 971 1060 anno
988 995 1044 1059 suit
1057 1013 1164 1078 magna
1186 994 1265 1059 sexta
1288 995 1380 1065 seria,
1404 994 1463 1059 hoc

138 1126 176 1175 15.
192 1137 242 1183 apr.
276 1126 349 1172 vero
365 1126 442 1170 anno
459 1107 516 1171 soit
537 1107 644 1179 letare,
661 1105 772 1190 septem
789 1105 829 1169 sn.
847 1105 876 1169 d.
895 1107 916 1169 9
933 1104 962 1168 d.
1008 1105 1082 1168 ltem
1102 1102 1195 1188 usque
1217 1103 1254 1167 ad
1271 1103 1352 1169 diem
1368 1121 1464 1167 coena

277 1215 403 1288 domini,
420 1218 471 1301 qui
488 1217 544 1280 suit
561 1216 664 1305 quinta
681 1215 757 1279 seria
774 1217 844 1298 post
858 1213 990 1289 tiburtii,
1007 1212 1082 1279 duas
1098 1212 1191 1277 libras
1207 1213 1237 1278 d.
1254 1211 1276 1278 4
1293 1212 1332 1277 su.
1350 1211 1371 1276 8
1387 1211 1416 1276 d.
1433 1215 1466 1277 et

140 1345 177 1392 ιι.
194 1358 244 1403 apr.
277 1346 365 1390 unam
380 1325 541 1408 anguillam
558 1325 705 1390 valentem
723 1324 766 1389 20
783 1322 812 1388 (1.
860 1324 933 1388 ltem
958 1322 1009 1386 die
1031 1323 1195 1407 palmarum
1211 1326 1284 1408 aput
1298 1325 1464 1394 mautaren,

278 1456 315 1501 ex
331 1435 470 1520 opposito
487 1436 570 1509 stain,
588 1434 753 1517 octingenti
769 1433 868 1523 invasi
885 1436 956 1497 sunt
971 1434 1001 1496 in
1019 1431 1145 1517 quadam
1162 1430 1258 1496 insula
1274 1428 1407 1496 danubii.
1442 1431 1467 1495 A

279 1542 423 1609 militibus
439 1546 521 1627 regis
536 1544 674 1607 tricentis
689 1544 785 1624 fugati
799 1542 901 1615 nostri,
928 1541 1068 1608 fonnem
1084 1541 1179 1621 multi,
1199 1540 1353 1607 interiecti
1369 1538 1467 1614 multi,

280 1655 361 1739 capti
386 1653 451 1717 sere
473 1658 593 1718 centum
617 1657 649 1716 et
669 1652 894 1739 quinquaginta.
927 1650 971 1716 Ex
998 1650 1194 1737 stipendiatiev
1208 1649 1308 1716 nostre
1334 1647 1466 1715 civitatis

280 1762 457 1828 Viennensis
483 1761 538 1827 49.
573 1762 727 1827 Discamus
755 1763 857 1846 itaque
880 1759 952 1826 sesto
977 1760 1154 1844 diligentius
1170 1761 1346 1827 observaret
1392 1757 1467 1822 item

174 1906 247 1939 ..a
279 1871 369 1937 tertie
385 1871 460 1935 seria
475 1874 545 1955 post
560 1870 724 1957 palmarum
739 1872 798 1937 emi
820 1871 926 1935 decenn
950 1874 1094 1935 metretas
1115 1870 1256 1935 frumenti
1278 1889 1333 1955 pro
1355 1867 1468 1953 septem

278 1981 365 2046 libris
381 1981 412 2046 d.
427 1986 459 2046 et
473 1980 573 2046 media
588 1979 664 2044 libra
680 1981 710 2045 d.
756 1980 831 2045 ltenr
853 1984 981 2065 quatuor
995 1983 1137 2045 metretas
1154 1980 1249 2045 farine
1264 1978 1397 2046 cribrata
1411 1996 1469 2062 pro

279 2089 376 2155 tribus
392 2091 478 2156 libris
496 2095 528 2154 et
542 2088 650 2154 media.
697 2090 771 2153 Item
786 2095 915 2175 quotuor
934 2108 990 2175 pro
1003 2088 1100 2155 tribus
1117 2089 1203 2155 libris
1228 2090 1257 2155 d.
1304 2086 1375 2152 suto
1390 2087 1468 2152 enim

280 2200 352 2264 mibi
369 2198 449 2264 nulla
464 2198 533 2282 spes
546 2198 584 2262 de
597 2197 791 2263 conducendo
804 2199 945 2263 comitato
954 2200 1071 2265 navium
1084 2203 1275 2264 oneratorum
1286 2194 1470 2264 victualibus

281 2330 317 2374 ex
338 2308 479 2374 kchrems
500 2307 539 2372 ad
560 2307 721 2380 Viennam,
743 2307 900 2393 presertim
917 2307 1095 2393 supradictis
1110 2309 1294 2391 octingentis
1310 2305 1423 2388 sugatis
1437 2308 1470 2369 et

280 2418 404 2504 sparsis·
421 2417 453 2481 ln
469 2416 579 2501 quibus
592 2416 731 2481 immenti
744 2416 814 2480 satis
826 2415 946 2482 habebo
959 2417 1052 2501 usque
1064 2417 1101 2481 ad
1115 2423 1243 2503 tempos,
1259 2419 1290 2481 in
1307 2435 1365 2501 quo
1383 2413 1471 2478 nobis
1549 2399 1558 2413 ’

281 2527 438 2593 subvenire
455 2523 573 2592 auxiliis
589 2525 649 2590 suis
664 2524 729 2591 vult
744 2526 917 2610 imperator.
942 2527 1044 2590 Nuntii
1066 2528 1144 2591 enim
1166 2527 1227 2593 viui
1249 2547 1286 2591 ex
1301 2526 1416 2590 Vienna
1432 2525 1469 2589 ad

281 2656 374 2721 greca
390 2634 479 2711 missi,
495 2622 642 2700 dominica
659 2638 728 2699 ante
743 2634 895 2701 invocavit
910 2634 994 2720 (28.
1008 2637 1115 2721 febr.)
1136 2636 1295 2702 venientes
1317 2633 1471 2704 meabant,

282 2746 430 2812 caesarem
446 2743 572 2810 dixisse:
599 2744 699 2829 „quod
715 2743 806 2828 usque
831 2745 867 2809 ad
890 2745 1079 2829 pentecostes
1100 2744 1270 2811 resisterent
1290 2745 1378 2826 regi,
1399 2748 1473 2808 tunc

283 2854 393 2921 auxilio
407 2854 512 2920 venire
527 2853 653 2920 vellet¹⁶
676 2853 749 2919 ltem
766 2853 850 2919 dedit
864 2854 1053 2940 privilegium
1068 2854 1299 2928 Viennensibus,
1316 2851 1396 2940 quod
1412 2851 1473 2936 ipsi

282 2967 339 3031 sint
354 2963 443 3030 liberi
462 2961 500 3028 ab
516 2962 653 3029 omnibus
669 2963 871 3029 taxationibus
887 2964 1037 3038 vinorum,
1061 2983 1119 3049 que
1135 2964 1247 3031 vellent
1264 2964 1301 3028 ad
1316 2962 1472 3027 Bovarium

283 3074 397 3139 ducere
413 3072 490 3138 inira
507 3073 578 3138 binc
602 3077 633 3136 et
653 3071 757 3137 festum
781 3073 969 3156 pentecostes
993 3073 1048 3159 (6.
1056 3071 1178 3159 joni),
1203 3074 1247 3138 sic
1268 3074 1366 3137 tamen
1391 3069 1470 3156 quod

283 3182 411 3249 inimicis
440 3203 498 3247 non
521 3180 638 3267 grande
659 3180 846 3246 commodum
870 3202 906 3246 ex
933 3181 1011 3246 vinis
1035 3183 1134 3247 cedat.
1170 3181 1287 3247 inimici
1313 3181 1475 3248 voluerunt

283 3292 397 3358 babere
412 3291 452 3356 de
467 3310 539 3357 vase
555 3291 604 3355 sex
619 3289 714 3355 libras
731 3290 760 3354 d.
778 3295 809 3355 et
824 3290 975 3356 dimidiam
991 3296 1023 3355 el
1038 3291 1082 3357 24
1094 3291 1123 3356 d.
1141 3290 1237 3357 llodie
1249 3292 1361 3356 iterum
1378 3288 1473 3355 cesari

283 3402 453 3465 nunciatum
476 3407 539 3475 est,
562 3420 600 3465 an
614 3399 671 3465 libi
685 3398 825 3485 placeat?
849 3400 911 3465 Sed
931 3420 988 3465 nec
1010 3399 1101 3467 hodie
1122 3399 1291 3486 responsum
1306 3399 1471 3464 habemosl

283 3511 343 3575 iam
354 3509 507 3577 dimidium
520 3511 663 3595 temporis
674 3508 826 3595 privilegii
837 3510 984 3575 transivit
1001 3509 1147 3596 (lquanta
1159 3511 1281 3576 satuitas
1295 3514 1327 3575 et
1336 3510 1471 3575 cecitasl

284 3619 379 3684 Nemo
405 3623 507 3705 potest
532 3623 562 3682 in
591 3619 684 3702 aquis·
700 3618 906 3693 descendere,
931 3619 1080 3703 quomodo
1106 3641 1181 3707 ergo
1203 3619 1367 3686 ascendet?
1390 3618 1473 3684 Dare

284 3729 437 3795 licentiam
453 3726 595 3813 loquendi
611 3726 740 3810 elingui,
763 3732 794 3793 et
814 3735 932 3813 tempus
948 3728 1085 3802 licentia,
1109 3730 1198 3794 etiam
1214 3731 1241 3795 si
1256 3728 1338 3816 loqui
1354 3733 1472 3813 posset,

180 3894 186 3905 .
203 3875 215 3906 s
232 3873 252 3904 r.
285 3837 444 3923 negligere
456 3844 487 3902 et
497 3837 660 3923 impediret
676 3837 832 3902 [lominica
843 3837 953 3903 ludica
965 3839 1115 3903 exercitus
1125 3840 1219 3923 regis,
1233 3843 1320 3923 capto
1331 3837 1474 3903 ethabito

285 3946 480 4018 stemelstavti,
497 3946 564 4032 ipso
580 3947 698 4022 relicto,
715 3947 809 4013 castra
820 3949 926 4012 metati
937 3947 1001 4012 sunt
1011 3967 1107 4033 prope
1123 3947 1308 4031 neoburgum
1324 3945 1473 4011 sorensem

181 4092 252 4123 ‚ae
286 4076 381 4143 usque
402 4055 549 4121 stokarau.
594 4054 668 4119 ltem
693 4057 723 4119 in
750 4077 844 4121 coena
871 4056 981 4120 domini
1009 4055 1161 4122 obsidetur
1182 4056 1307 4123 castrum
1329 4057 1358 4120 in
1388 4055 1474 4122 calvo

286 4170 397 4239 monte,
414 4165 533 4230 elbora
550 4164 681 4229 secunda
698 4169 767 4248 post
782 4165 937 4231 meridiem
953 4165 1099 4231 lucratum
1115 4170 1171 4232 est.
1198 4167 1235 4230 lit
1251 4172 1329 4251 post,
1345 4165 1377 4229 in
1393 4164 1473 4231 dua-

285 4276 341 4341 bus
357 4273 549 4362 sequentibus
564 4275 659 4348 horis‚
675 4274 733 4339 duo
749 4275 828 4361 apud
845 4275 1005 4340 danubium
1022 4275 1074 4340 sub
1090 4276 1175 4341 calvo
1192 4281 1292 4340 monte
1307 4274 1470 4341 fortalicia.

181 4420 253 4451 ..e
287 4385 361 4450 ltem
384 4385 415 4448 in
437 4403 544 4467 magna
566 4382 646 4448 sexta
667 4384 758 4456 seria,
787 4404 874 4448 mane
895 4383 969 4448 hora
994 4387 1114 4469 quinta,
1137 4385 1171 4449 lit
1185 4385 1292 4468 ingens
1309 4384 1475 4450 incivitate

286 4516 389 4560 rumor
409 4493 448 4558 de
468 4493 601 4559 venturis
621 4492 745 4557 navibm
768 4513 804 4557 ex
827 4492 902 4557 stain
924 4498 954 4558 et
977 4493 1128 4558 lxbrembs.
1150 4493 1187 4558 Et
1214 4515 1266 4558 eas
1293 4493 1366 4558 hora
1394 4491 1475 4557 sexta

288 4606 416 4671 vidimus
432 4606 587 4687 ingentes,
605 4601 711 4687 plenas
727 4602 917 4675 victualium,
940 4601 1082 4668 bellicum
1098 4602 1136 4667 ad
1152 4602 1270 4668 modum
1286 4606 1474 4687 preparatas,

220 4794 222 4801 Ι
292 4716 364 4795 „mit
379 4714 525 4789 erleher,
547 4714 673 4778 thueren
691 4711 750 4777 vnd
766 4711 970 4777 ausverlsnnd
985 4721 1087 4785 wer,“
1114 4709 1217 4798 quales
1233 4711 1381 4777 danubius
1396 4732 1474 4777 nun-
