3300 5342
271 465 321 537 28
779 490 983 547 sternuat.

267 640 516 707 recesserunt
538 661 580 706 ex
603 638 763 711 berdon,
788 636 1005 721 fortaliciis
1026 638 1138 723 prius
1162 659 1239 704 cum
1262 630 1454 706 militibus

266 750 560 834 angaricalibns
591 749 732 835 optime
764 749 1001 833 constipatis
1035 752 1071 813 11
1102 748 1285 815 firmatis.
1325 749 1455 836 anue

266 864 380 924 nocte
411 860 486 943 hij,
517 859 719 945 quiscere
753 858 1035 923 in.sortasicio
1081 857 1292 945 „Symanyn
1327 857 1451 922 111111ω

265 969 389 1053 sugam
413 969 494 1033 sine
518 971 552 1036 vi
576 968 739 1045 dedere,
770 969 930 1035 relictis
961 968 1080 1034 rebus
1111 969 1291 1034 omnibus
1315 970 1355 1033 in
1378 969 1455 1032 sor·

264 1078 419 1153 talicio,
449 1079 552 1145 nullo
581 1078 660 1143 viso
694 1078 873 1150 inimico,
905 1077 989 1142 Asso
1018 1078 1084 1143 des
1117 1076 1188 1143 der
1212 1079 1354 1162 chunig
1380 1098 1451 1164 ayn

264 1186 374 1253 teber
407 1209 484 1252 mer
515 1187 722 1272 gebungcn
752 1187 854 1261 batt,
887 1186 957 1252 den
992 1208 1032 1252 er
1062 1188 1323 1272 battgcwcst.
1377 1188 1453 1253 stem

159 1344 165 1358 .
197 1325 233 1359 11.
264 1297 357 1382 usqne
372 1297 489 1363 Nicolai
504 1319 594 1363 vnum
606 1299 752 1362 florenum
768 1296 932 1372 remensem,
951 1295 1024 1362 duas
1042 1296 1134 1362 libras
1151 1297 1356 1371 denariorum,
1375 1298 1452 1364 711.

158 1456 165 1476 .
197 1437 233 1470 11.
265 1405 466 1482 denariorum,
483 1406 638 1493 reppbaim
655 1405 796 1472 Tereia
813 1406 877 1471 die
892 1406 976 1492 post
992 1405 1162 1472 barbare
1177 1407 1329 1473 reuersi
1345 1408 1453 1482 sunt,

265 1517 326 1600 qui
356 1516 481 1599 fugam
516 1515 710 1581 dederant
744 1536 791 1581 ex
825 1515 1033 1581 fortalicio
1068 1515 1269 1599 simaning.
1330 1517 1452 1584 Lucia

264 1625 500 1712 depredatur
523 1626 1069 1711 grincringetvicinieorum
1085 1626 1451 1711 etncuburgenses.

157 1785 163 1798 .
196 1767 232 1800 00.
264 1736 303 1801 11
318 1735 1451 1821 sestoNicosaiprouisumestinnecessarijssortaticium

157 1895 163 1908 .
195 1876 230 1910 ee.
263 1847 303 1911 in
326 1844 412 1931 lupo
437 1866 556 1931 prope
578 1852 744 1931 pontem.
780 1845 897 1911 Feria
922 1846 1028 1911 sexta
1053 1850 1139 1911 ante
1162 1846 1284 1911 Lucio
1308 1848 1344 1911 in
1368 1869 1452 1914 cre-

263 1954 426 2043 pusculo
451 1975 514 2020 rex
537 1956 716 2042 prouidit
744 1954 892 2022 duobus
921 1954 1143 2039 fortalicijs
1174 1956 1212 2020 in
1240 1955 1392 2024 bardos
1414 1959 1453 2022 in

262 2065 394 2133 multis
418 2064 662 2147 necessarijs
686 2065 724 2128 in
748 2065 911 2149 propria
934 2066 1110 2150 persona.
1128 2064 1281 2131 Venerunt
1297 2068 1378 2132 circe
1393 2048 1461 2133 hos·

263 2177 329 2242 dies
346 2176 403 2240 duo
419 2174 595 2270 presbiteri,
619 2195 635 2239 a
660 2173 761 2239 cesare
784 2173 892 2240 multas
908 2174 976 2259 spes
992 2195 1048 2240 nos
1064 2173 1224 2240 adiuuandi
1239 2177 1269 2240 in
1286 2175 1404 2262 scriptis
1421 2182 1454 2243 et

262 2285 364 2351 verbis
380 2288 584 2371 apportantes.
609 2284 654 2349 De
666 2286 745 2350 sacto
758 2288 968 2370 expectamus!
987 2284 1044 2367 Qui
1056 2285 1176 2373 quidem
1188 2285 1357 2353 sacerdotes
1368 2287 1449 2372 spem

263 2396 341 2460 hanc
356 2393 447 2459 bodie
461 2394 492 2457 in
508 2393 880 2479 consulatu'presentibus
897 2391 1067 2459 consulibus
1084 2396 1114 2458 et
1129 2394 1288 2459 nominatis
1304 2396 1451 2463 viennen-

262 2503 355 2576 sibus,
370 2502 578 2588 promiserunt.
603 2503 727 2590 Hocque
744 2525 812 2569 eum
827 2486 1009 2576 scriberem,
1033 2506 1179 2568 venerunt
1203 2523 1240 2569 ex
1254 2502 1299 2569 im
1315 2505 1353 2569 ad
1367 2508 1453 2572 nien·

155 2658 162 2672 .
194 2640 230 2674 ee.
263 2634 341 2688 nam,
364 2612 438 2676 hora
455 2613 566 2686 tercia,
589 2619 693 2699 quarta
717 2613 792 2677 seria
816 2612 880 2698 post
901 2613 1013 2686 Lucie,
1043 2612 1083 2678 sb
1111 2612 1303 2688 Decembris,
1329 2615 1451 2680 docenti

264 2723 392 2806 equites,
408 2721 530 2786 tricenti
545 2722 745 2806 bombardarij
762 2722 912 2808 sexaginta
928 2720 1083 2805 balistarij.
1102 2721 1210 2808 ¹Vsque
1232 2722 1271 2787 ad
1287 2744 1353 2789 eum
1371 2725 1451 2790 diem

262 2838 326 2896 tres
341 2831 436 2896 libras
453 2831 642 2896 denariorum
657 2832 754 2898 minus
770 2834 791 2898 'i
807 2831 952 2916 denariis,
969 2829 1155 2915 rutpratten,
1171 2831 1349 2913 swaisburst,
1364 2841 1450 2920 prat·

263 2941 382 3012 cruerit,
397 2941 525 3025 propina
542 2988 550 3003 .
568 2988 575 3004 .
602 2939 667 3005 laus
690 2941 747 3007 deo
763 2942 968 3025 omnipotenti,
986 2941 1071 3006 cuius
1084 2940 1318 3007 misericordiam
1332 2950 1451 3009 cantem

167 3035 171 3043 ’
264 3051 295 3114 in
310 3057 463 3115 eternum:
487 3054 589 3114 ornent
614 3056 714 3116 amen!
745 3072 813 3117 cum
828 3071 896 3117 meo
917 3049 1009 3116 filiolo
1025 3051 1179 3135 gregorio.
1209 3051 1378 3138 inidipsum.
1397 3051 1449 3142 (i)

264 3159 376 3246 Sicque
399 3179 466 3226 cum
489 3159 580 3224 laude
601 3158 652 3224 dei
676 3159 764 3224 tinem
787 3161 905 3245 accepit
926 3180 1020 3225 annus
1043 3159 1216 3225 doctoratus
1238 3163 1299 3227 mei
1314 3168 1451 3229 octauus.

264 3270 346 3335 Deus
364 3269 490 3335 crastino
507 3269 558 3333 dic
575 3269 627 3334 16.
644 3269 824 3335 Decembris
840 3270 892 3335 det
908 3270 979 3334 felix
993 3270 1176 3354 principium
1192 3272 1279 3335 nonii

352 3377 425 3443 lue.
450 3378 524 3444 Hinc
540 3399 626 3445 omne
642 3379 824 3465 principium
845 3385 876 3443 et
897 3378 993 3444 exitus
1009 3382 1104 3445 omnis
1119 3378 1179 3445 huc
1196 3380 1240 3445 est
1256 3381 1448 3470 referendus.

261 3489 370 3575 Incipit
384 3508 459 3573 ergo
474 3489 506 3553 in
522 3488 674 3554 benedicti
689 3489 740 3554 dei
752 3489 870 3553 nomine
882 3510 976 3555 annus
988 3489 1160 3555 doctoratus
1172 3491 1231 3553 mei
1244 3510 1348 3565 nonus,
1360 3512 1451 3578 quem

262 3600 335 3665 deus
351 3619 405 3684 pro
421 3598 471 3663 son
487 3597 690 3665 misericordia
705 3602 736 3662 et
751 3587 911 3661 remissiori
926 3598 971 3661 ira
987 3596 1076 3684 snper
1092 3597 1169 3664 hanc
1184 3599 1336 3664 ciuitatem
1359 3601 1448 3666 rien-

261 3709 379 3774 nensem
403 3708 535 3773 feliciter
556 3709 718 3773 terminare
739 3708 891 3792 dignetur.
916 3708 1018 3772 Amen.
1070 3708 1096 3771 Α
1122 3708 1163 3772 to
1185 3728 1259 3790 ergo
1275 3709 1449 3776 decembris

155 3795 223 3892 san,
262 3815 365 3893 1484,
386 3817 478 3903 usque
498 3818 527 3881 in
552 3817 685 3900 vigiliam
703 3817 862 3903 epiphanie
879 3818 949 3880 anni
966 3817 1070 3890 ssssb,
1093 3816 1168 3881 duos
1178 3818 1308 3883 florenos
1323 3820 1449 3902 rogari-

260 3928 352 4002 cases,
367 3947 455 3992 vnum
471 3925 636 4001 senensem,
655 3927 696 3992 10
709 3925 831 4009 grossos
846 3925 1061 4000 bohemienses,
1079 3927 1121 4005 88
1130 3925 1281 4000 denarios,
1293 3928 1340 3991 111
1356 3927 1447 3994 stricb

237 4116 241 4122 Ι
258 4037 329 4112 mel,
345 4039 476 4123 quinque
491 4038 619 4121 propina
635 4036 674 4102 de
689 4040 817 4103 mactata
833 4034 900 4109 sue,
919 4037 1081 4122 repphain,
1100 4038 1119 4102 3
1136 4036 1299 4122 isopparn,
1317 4038 1355 4102 de
1372 4059 1447 4123 apro

256 4145 381 4212 srluestri
403 4166 543 4231 magnum
565 4146 699 4211 frustum.
733 4146 914 4210 benedictus
932 4145 1023 4211 deus!
1048 4145 1129 4230 pieni
1149 4146 1207 4233 lint
1227 4146 1286 4212 cesi
1311 4153 1342 4212 ct
1364 4153 1449 4213 terra

255 4256 352 4341 gloria
368 4256 436 4323 suat
453 4253 622 4340 Inidipsum.
636 4254 686 4343 (t)
703 4256 740 4320 nt
755 4259 819 4320 tres
831 4253 924 4321 libras
940 4255 1138 4321 denariorum.
1163 4254 1227 4320 istis
1244 4240 1351 4323 diebus
1367 4259 1448 4323 sacta

255 4364 322 4430 sunt
335 4365 427 4431 multa
443 4370 475 4428 ct
488 4365 562 4429 mira
577 4365 608 4429 in
623 4364 680 4430 hcc
696 4365 827 4430 ciuitate.
852 4365 1022 4440 Danubius,
1046 4364 1202 4431 fortissime
1219 4370 1249 4431 11
1265 4366 1315 4430 diu
1332 4387 1448 4451 conge-

254 4474 343 4549 latus,
359 4474 483 4540 soluitur
508 4476 540 4539 in
556 4474 659 4558 vigilia
676 4477 778 4540 thome
792 4475 917 4561 apostoli
934 4477 1017 4561 (211.
1033 4477 1103 4540 dec.
1125 4473 1272 4560 1484).
1312 4477 1446 4542 Mutatur

256 4585 424 4650 consulatus
441 4586 516 4649 etin
532 4605 655 4649 numero
671 4590 807 4669 augetur.
823 4584 985 4650 innonatur
995 4585 1101 4650 modus
1114 4585 1277 4649 electorum
1290 4589 1321 4650 et
1333 4586 1444 4652 electio

255 4693 436 4759 officialium.
454 4695 526 4760 Rem
542 4695 663 4759 vidisses
678 4694 852 4770 inauditnm,
867 4716 924 4780 per
939 4693 1077 4760 riscalem
1093 4694 1206 4759 missum
1222 4696 1281 4760 huc
1297 4695 1335 4760 ad
1351 4695 1444 4761 Vien-
