3300 5342
775 519 855 575 ιιιι
1067 582 1069 587 ,
1356 486 1406 559 llll

217 673 322 755 quarte
337 668 420 752 Junij
437 666 544 731 dantur
560 687 596 730 ex
612 665 714 732 celere
730 664 769 730 ed
784 667 944 752 imperium
960 667 1058 740 litere,
1073 673 1106 732 ut
1117 667 1251 752 sequenti
1262 670 1330 750 post
1342 669 1409 730 ete·
1442 690 1466 736 ι
1479 688 1530 746 jun.

219 778 311 862 phani
336 778 394 863 (3.
418 776 513 859 moy.)
537 773 594 838 lint
623 774 655 838 in
677 775 767 839 armis
788 776 991 861 personaliter
1014 781 1117 842 eontra
1142 777 1257 859 Regem
1282 775 1409 846 irenoie,

218 892 344 975 propter
364 891 481 972 raptum
504 885 608 970 sponse
629 886 713 968 regis
736 905 926 950 romanorum
950 890 981 951 et
998 886 1111 950 crimen
1127 883 1187 949 lele
1202 884 1362 949 moieltotie
1378 884 1409 949 in

218 1000 375 1083 imperium
395 999 433 1085 ¹).
472 996 546 1059 ltem
564 994 624 1077 hijs
640 994 746 1060 diebus
762 996 853 1078 redth
868 996 906 1060 ed
922 996 1077 1080 imperium
1092 993 1261 1067 linitione,
1277 1014 1338 1078 que
1352 993 1410 1057 de-

223 1106 509 1191 leeeretimperiem
528 1102 569 1190 ²),
598 1103 746 1168 oliumens
763 1104 911 1171 elbertum
934 1105 1040 1169 dnoem
1066 1103 1198 1170 bouario.
1234 1105 1314 1169 Leno
1342 1102 1409 1167 deo.

219 1217 292 1282 item
307 1237 364 1302 per
379 1214 499 1280 Junium
514 1214 672 1279 tredecem
687 1213 818 1279 ilorenoe
830 1213 983 1286 renenlee,
998 1213 1038 1279 18
1050 1214 1143 1279 librae
1155 1212 1185 1277 (1.
1202 1213 1282 1277 Looe
1297 1212 1411 1297 optimo
1482 1233 1534 1289 jin.

220 1329 339 1394 christo.
364 1328 469 1391 limen.
515 1325 589 1393 ltem
615 1346 673 1411 per
695 1324 806 1391 lulium
832 1327 900 1387 oeto
928 1322 980 1407 (i)
1009 1320 1165 1394 remenses,
1192 1323 1231 1386 21
1260 1318 1353 1384 librae
1380 1320 1411 1384 (l.
1482 1341 1527 1397 jur.

223 1439 326 1505 Gloria
342 1441 373 1505 in
388 1437 514 1503 exeelfis
539 1436 607 1502 deo.
631 1437 735 1500 Amen.
782 1433 857 1497 lteen
877 1453 935 1517 per
954 1431 1114 1515 Angustum
1135 1436 1261 1516 quatuor
1281 1431 1412 1495 florenos
1487 1463 1540 1509 ng.

225 1545 417 1629 mgerieoles
445 1569 461 1611 e
490 1564 567 1611 nouo
595 1544 721 1610 deotore
746 1541 886 1607 milreele.
922 1540 1000 1605 Sixti
1026 1560 1105 1625 pepe
1188 1544 1252 1603 tres
1279 1539 1411 1603 llorenoe
1444 1558 1468 1603 ι.
1484 1572 1538 1617 αις.

220 1654 374 1728 renenies,
390 1655 434 1719 22
456 1652 550 1718 libros
575 1650 605 1716 (l.
628 1651 729 1716 [leone
751 1657 784 1717 et
806 1650 904 1733 glorio
927 1648 992 1715 Deo
1014 1647 1165 1713 oltiieirno.
1186 1647 1292 1711 Amen.
1338 1645 1412 1711 ltem

221 1782 278 1847 per
292 1762 492 1847 septembrem
508 1780 597 1825 onum
608 1759 754 1825 florenum
770 1758 991 1842 engerimion,
1014 1764 1083 1822 oeto
1104 1759 1241 1824 florenos·
1257 1756 1411 1828 renenleo.
1488 1779 1548 1833 repr.

224 1869 266 1935 14
282 1870 376 1934 libres
392 1868 436 1950 d.‚
453 1870 495 1934 50
512 1866 542 1931 d.
567 1869 610 1933 lix
626 1867 728 1932 eelere
743 1888 799 1954 pro
811 1868 933 1950 angeria
945 1868 1045 1932 erneis
1056 1871 1126 1932 oelo
1139 1861 1232 1931 libros
1244 1865 1274 1930 d.
1291 1864 1413 1929 Soneti-
1432 1883 1469 1930 ιι.
1485 1887 1545 1941 apt.

222 1979 329 2044 licetur
344 1998 452 2045 nomen
467 1976 579 2042 domini
595 1978 685 2042 nostri
702 1977 786 2043 ihesu
801 1976 913 2051 christi,
928 1977 1031 2040 Amen.
1048 1975 1107 2040 Per
1118 1974 1272 2040 octobrem
1288 1974 1412 2056 triginta
1486 1996 1534 2035 om.

223 2088 298 2154 olnae
314 2107 404 2152 mnae
420 2087 505 2153 motti
521 2107 557 2152 ex
573 2086 761 2170 monosterijo
778 2085 945 2166 neuburgo.
970 2083 1016 2148 De
1032 2104 1091 2168 quo
1108 2083 1206 2166 glorie
1217 2085 1413 2168 omnipotenti

222 2206 253 2263 et
263 2198 361 2263 saneto
373 2196 539 2281 Leopoldo.
554 2198 658 2262 Amen.
675 2197 768 2264 Velor
780 2196 859 2261 enim
871 2214 973 2260 eorem
985 2199 1050 2262 erat
1066 2195 1110 2260 32
1125 2195 1304 2260 florenorum
1317 2212 1413 2277 nnga-

223 2308 360 2373 rieelium
386 2326 485 2392 ymmo
500 2306 635 2390 amplior.
683 2306 755 2371 ltere
771 2326 827 2391 per
843 2304 1037 2370 nouembrem
1052 2323 1141 2368 unum
1156 2305 1302 2369 florenum
1318 2325 1414 2389 vnge-
1487 2331 1541 2362 ιιι.

224 2414 357 2487 rioelem,
374 2419 442 2480 oeto
458 2414 612 2487 tenentes,
631 2416 672 2480 19
688 2414 783 2479 libros
799 2413 847 2487 (1.,
872 2433 995 2478 eroeum
1011 2434 1067 2498 pro
1082 2411 1159 2477 lihrn
1176 2412 1205 2476 d.
1230 2411 1332 2478 Gloria
1348 2414 1413 2487 tibi,

224 2524 275 2608 qui
289 2522 369 2588 lolus
385 2520 459 2587 lura
475 2522 648 2588 monerehie
664 2522 752 2606 primi
774 2524 907 2606 potentie
929 2520 1040 2594 haheo,
1064 2521 1146 2585 ihesu
1163 2520 1282 2585 christe.
1308 2523 1413 2586 Amen.

225 2634 330 2696 Arnen.
356 2629 399 2696 30
415 2631 541 2704 talenta,
563 2632 639 2695 elz.
661 2614 738 2695 nse.
766 2630 799 2696 ln
815 2633 875 2697 hoe
898 2633 1017 2696 nomine
1040 2630 1158 2696 solutori
1180 2631 1230 2696 olei
1245 2632 1414 2715 completos

222 2742 266 2807 est
278 2761 371 2805 onnus
383 2739 557 2807 doctoratus
567 2741 625 2804 mei
640 2740 693 2806 lo.
705 2739 737 2804 ln
750 2741 837 2805 cuiue
850 2742 968 2806 nomine
984 2741 1090 2825 incipit
1106 2740 1240 2807 decimos
1256 2742 1414 2826 septimos,
1435 2751 1472 2798 ro.
1489 2752 1541 2798 nee.

221 2852 273 2935 qni
299 2849 335 2914 fit
359 2846 547 2913 benedictus.
577 2847 676 2912 Inlue
691 2849 804 2933 pietate
820 2849 961 2931 dignetur
975 2849 1049 2913 milri
1064 2850 1264 2922 homuncioni.
1280 2850 1416 2934 peeotori

223 2979 281 3023 non
292 2977 397 3041 pereo,
409 2956 514 3039 largiri
531 2956 774 3032 misericordiam,
791 2957 1033 3032 misericordiam,
1047 2958 1296 3024 misericordieml
1312 2963 1415 3024 Amen.

222 3065 1037 3153 Annenlleetenueinprootioepermediumdeeembrio
1049 3068 1414 3149 vnumllorenumrngeri·
1434 3076 1471 3124 1⁵·
1488 3077 1539 3122 ‹¹0⁰-

223 3175 332 3247 ealem,
348 3180 475 3258 quotuor
493 3174 651 3248 renenieo,
666 3174 803 3240 vndeoin
820 3175 913 3240 libres
929 3174 970 3248 ol„
988 3176 1031 3241 22
1048 3175 1077 3239 d.
1103 3175 1204 3241 Gloria
1221 3176 1416 3262 omnipotenti

224 3284 292 3349 (leo.
309 3283 413 3347 Amen.
437 3282 590 3348 Hoetenoe
606 3304 662 3368 per
677 3282 802 3348 olterem
819 3283 989 3349 decembrio
999 3283 1191 3349 medietatem
1202 3289 1271 3351 oelo
1283 3286 1415 3349 florenos
1433 3293 1473 3340 ⁸1·
1489 3293 1542 3339 dee·

224 3391 365 3458 renenieo
382 3413 398 3456 e
415 3391 518 3456 celere
535 3390 565 3455 in
589 3390 745 3476 stipendio.
792 3390 866 3457 item
892 3391 968 3456 elios
990 3396 1116 3478 quotuor
1142 3393 1296 3458 remenses.
1343 3396 1416 3461 ltem

225 3504 246 3566 7
259 3500 390 3569 florano.
408 3500 511 3567 Gloria
519 3500 630 3567 christo
641 3500 737 3567 ihesu.
751 3504 774 3587 (
780 3501 851 3567 Von
862 3505 935 3566 bier
945 3502 999 3565 bie
1009 3502 1188 3577 „oracione“
1197 3503 1282 3567 olleo
1292 3506 1415 3588 prin.)

225 3612 339 3696 ltaque,
356 3610 439 3675 ihesu
455 3609 575 3682 christe,
590 3609 790 3675 inchoandum
801 3611 917 3675 nonum
933 3615 983 3674 ten
994 3611 1098 3692 gracia
1110 3610 1258 3697 incipere,
1272 3612 1416 3693 dirigere,

227 3719 315 3785 finire
331 3718 470 3801 digneris.
487 3720 592 3782 Amen.
616 3717 712 3782 lilerio
725 3719 829 3783 metris
843 3718 993 3782 oracione.
1018 3717 1056 3783 Et
1068 3718 1134 3782 leue
1148 3719 1226 3785 lilius
1236 3719 1416 3786 benedictus

226 3828 307 3892 sitin
322 3832 458 3892 eternum
473 3833 504 3890 et
520 3846 627 3891 nomen
643 3825 742 3891 duleis
757 3827 866 3890 ihesus.
891 3828 934 3892 93
950 3826 1064 3911 (diere
1076 3828 1169 3892 zan!
1181 3829 1284 3913 rolli).
1301 3827 1417 3893 Nomen

231 3934 330 4000 adhue
345 3934 443 4000 iherus
460 3936 489 3998 in
514 3935 599 4006 celis,
623 3933 716 3998 terris
733 3940 764 3999 et
785 3934 886 3999 abillis
910 3938 1018 3999 cuneta
1041 3935 1263 4018 genusseotunt‚
1287 3937 1418 4002 tenteeio

231 4162 528 4173 ———-———

266 4331 295 4402 ¹)
313 4331 361 4386 Die
374 4330 498 4386 liniendo
511 4330 614 4385 eeheiot
625 4329 715 4385 bielner
732 4329 805 4383 nieht
816 4329 950 4400 gedroekt
962 4348 993 4385 ιι
1005 4331 1070 4385 oeim
1100 4328 1145 4384 Sie
1162 4329 1230 4385 tento
1248 4330 1274 4384 in
1292 4330 1343 4385 (len
1363 4330 1417 4384 lte-

313 4429 408 4493 geolen
430 4440 462 4475 ιιι
481 4421 669 4493 Liehnowelry,
691 4420 743 4475 wie
757 4420 784 4474 in
801 4420 920 4476 liller'e
931 4420 1234 4493 Reielrelegottieolrnm,
1253 4420 1280 4475 in
1292 4420 1417 4474 welchem

317 4511 342 4573 1,
354 4512 409 4566 157
420 4517 469 4565 ιιι
481 4511 529 4565 olm
541 4511 689 4579 Verlengen
701 4509 750 4564 ιιι
762 4508 872 4566 Kainon
885 4526 927 4564 um
940 4510 1110 4565 Reiehehtllle
1123 4526 1210 4581 pogen
1221 4510 1282 4564 linrl
1294 4510 1361 4566 vul.
1373 4510 1420 4564 eol

312 4602 372 4656 (lem
384 4599 630 4657 liciole-convente
643 4618 675 4654 ιι
687 4598 803 4655 contens
815 4599 960 4655 ereeheint.

266 4690 293 4757 ²)
305 4691 486 4764 ·„lmperium“
500 4690 535 4746 iet
547 4692 613 4746 wolrl
627 4709 657 4744 ιι
671 4688 814 4744 streielren.
