3300 5342
721 533 799 590 148⁵.
1301 503 1352 576 29

163 696 242 751 nam,
259 677 325 742 sere
341 677 532 745 deiicientem
544 679 722 745 auctoritate
732 679 937 766 Imperatoris,
949 680 1034 747 cuius
1046 681 1226 746 auctoritate
1236 679 1353 745 Vienna

163 805 273 852 nouam
289 788 400 852 saciem
416 790 544 874 accepit.
568 790 674 871 Longa
690 788 787 853 essent
802 788 905 863 rerba,
923 790 1018 854 eciam
1033 789 1128 876 siper
1143 789 1353 875 compendium

162 893 376 961 scriberentur.
430 897 503 962 stem
524 897 617 982 usque
638 897 757 981 Antonij
784 905 848 963 tres
876 899 1005 966 florenos
1032 900 1236 984 rngaricales,
1265 918 1473 984 mour-14...

164 1005 330 1080 terensem,
347 1027 434 1072 unam
449 1006 555 1072 libram
571 1006 770 1081 denariorum,
788 1010 808 1072 6
824 1008 877 1082 sn,
894 1009 936 1073 25
954 1007 1103 1083 denarios,
1120 1010 1263 1095 propino:
1285 1008 1352 1074 suu·

162 1111 358 1200 geslecbt1).
393 1116 437 1181 Ex
464 1116 552 1183 domo
575 1116 680 1182 Sancti
701 1116 859 1200 iheronimj
881 1137 1006 1201 magnus
1029 1121 1115 1203 panis
1137 1117 1350 1202 similagineus.

162 1222 235 1288 ltem
255 1224 336 1289 sexta
357 1227 432 1291 seria
455 1224 522 1311 post
546 1223 627 1311 pauli
644 1224 719 1291 duas
735 1224 826 1291 libras
843 1226 1043 1302 denariorum,
1061 1230 1081 1293 7
1098 1228 1252 1301 denarios,
1274 1247 1350 1292 rous

162 1352 273 1416 paruus
289 1333 382 1420 panis,
399 1337 451 1419 qui
464 1333 599 1402 olimruo
612 1334 745 1408 denario,
762 1333 821 1398 mm
831 1340 956 1421 quatuor
968 1336 1117 1401 venditur.
1141 1336 1214 1402 stem
1229 1336 1271 1403 ssi
1283 1357 1349 1408 oua,

162 1462 254 1507 snum
268 1442 351 1509 valet
373 1449 435 1509 tres
459 1443 610 1509 denarios.
648 1444 692 1508 Ea
719 1443 787 1515 die.
809 1443 927 1509 scilicet
949 1447 969 1511 6
989 1446 1066 1510 seria
1087 1444 1152 1529 post
1172 1445 1271 1531 pauli,
1299 1466 1352 1510 rex
1369 1470 1409 1519 28.
1421 1471 1472 1528 j...

161 1552 289 1635 ungarie
299 1558 364 1619 tres
380 1556 530 1619 exereitus
544 1552 641 1639 posuit
655 1559 724 1619 ante
740 1556 886 1620 viennam.
910 1553 989 1619 llora
1001 1555 1121 1639 quidem
1138 1555 1190 1621 ¹2·
1205 1554 1351 1620 machinis

160 1666 191 1726 et
207 1660 380 1727 bombardis
395 1664 426 1726 iu
442 1665 593 1729 ciuitatem
610 1669 642 1727 ct
656 1662 795 1729 suburbia
810 1665 949 1737 minatur,
965 1663 1127 1748 sagittabit.
1143 1664 1246 1749 anue
1261 1669 1351 1729 nocte

160 1775 230 1856 aput
245 1791 354 1837 nouum
370 1771 487 1839 alueum
503 1772 682 1839 fortalicium
697 1774 811 1858 incepit
826 1774 921 1857 (pop.
935 1772 978 1858 7)
994 1772 1147 1845 edificare,
1167 1773 1275 1838 nostris
1286 1775 1349 1837 tum

157 1878 275 1963 sagittis
301 1903 337 1946 ex
358 1882 531 1947 bambardis
555 1880 745 1965 serpentibus
771 1881 878 1947 frustra
900 1882 1125 1961 renitentibus,
1154 1903 1221 1948 cum
1247 1888 1348 1947 tamen

161 1996 258 2055 morte
279 1992 439 2057 multorum
461 1991 667 2057 laborancium
688 1994 761 2076 aput
783 1992 974 2057 fortalicium.
998 1991 1086 2057 Prius
1108 1991 1259 2057 exercitus
1276 1994 1348 2075 aput

160 2099 372 2191 „bunczmul,“
398 2100 473 2166 alter
485 2101 524 2165 ad
535 2079 666 2166 sanctum
677 2099 925 2174 bartholomeum,
936 2100 1050 2166 tercius
1062 2102 1093 2166 in
1104 2101 1244 2184 Wering,
1257 2098 1348 2187 usque

156 2208 222 2271 sere
238 2208 277 2273 ad
294 2208 466 2277 danubium.
489 2209 533 2277 Eo
549 2209 598 2275 die
612 2211 740 2285 mittitur
757 2210 793 2275 ad
809 2209 941 2276 cesarem
955 2210 1100 2276 nuncius:
1116 2211 1194 2294 geir.
1211 2209 1347 2275 Premilli
1374 2200 1380 2209 ’

158 2317 223 2381 snnt
238 2317 353 2402 plures.
380 2319 504 2384 Visoalis
527 2338 563 2383 eo
588 2318 638 2383 die
659 2339 746 2383 mane
765 2318 900 2404 lpcisicat
923 2320 1072 2383 ciuitatem
1093 2320 1124 2384 in
1140 2317 1292 2385 consulatu
1308 2318 1346 2384 de

159 2427 418 2493 melioracionem
437 2426 480 2493 sd
495 2428 613 2495 diebus.
648 2428 723 2492 ltem
739 2428 891 2495 dominica
906 2427 1050 2514 sequenti,
1067 2449 1125 2515 qne
1141 2428 1197 2492 suit
1212 2429 1345 2514 Septua-
1365 2450 1405 2499 ao.
1417 2451 1468 2511 jar.

158 2537 280 2621 gesimo,
297 2539 372 2604 duos
389 2538 519 2604 florenos
542 2538 694 2604 recenses.
740 2538 813 2602 ltem
835 2539 1012 2623 precedenti
1033 2539 1136 2623 quinta
1159 2539 1234 2604 seria
1257 2560 1346 2605 vnum
1364 2558 1466 2617 aaran

158 2645 303 2713 soranum
317 2648 521 2732 ungaricalem
538 2655 569 2714 et
583 2647 747 2714 mediuma
771 2648 916 2733 magistro
938 2648 1083 2713 friderico
1104 2646 1235 2730 greller,
1257 2668 1345 2733 quem

159 2757 195 2821 ad
210 2757 372 2825 licenciam
387 2760 486 2845 pridie
502 2760 753 2845 presentaueram.
770 2757 1005 2824 Examinavimus
1022 2757 1060 2823 ad
1075 2756 1203 2842 madum
1216 2757 1345 2824 licencia

155 2865 186 2930 in
201 2868 360 2934 medicina.
408 2869 482 2935 ltem
504 2868 641 2954 sequenti
662 2868 727 2954 post
747 2867 900 2933 scolastice
915 2887 1003 2932 snam
1019 2864 1126 2932 libram
1142 2867 1343 2942 denariorum,
1364 2885 1403 2934 ¹¹.
1418 2886 1479 2933 seur.

155 2979 195 3044 26
213 2978 366 3063 denarios.
397 2978 484 3043 llnlti
506 2999 523 3043 a
543 2978 647 3043 cesare
670 2997 783 3043 venere
808 2978 924 3051 nuncii,
947 2975 1067 3042 anobis
1088 2977 1186 3049 milli,
1210 2997 1267 3041 nou
1290 2977 1344 3040 uisi

155 3086 308 3152 verbalem
323 3087 404 3174 spem
428 3089 599 3162 afferentes,
623 3108 726 3154 rerum
742 3087 825 3151 firnm
842 3086 960 3172 speres
977 3091 1179 3171 expectamus.
1203 3086 1342 3151 Perfecta

155 3197 235 3263 sunt:
260 3197 443 3263 fortalicium
461 3218 541 3283 ,pey
557 3198 625 3262 dem
641 3197 818 3283 neupruch“
837 3202 868 3261 et
883 3217 959 3282 pons
977 3197 1058 3272 ferc;
1075 3198 1146 3261 item
1163 3197 1342 3262 fortalicium

156 3308 238 3382 ,auli
250 3307 321 3371 dem
336 3306 596 3394 sperchenpubl;“
616 3309 687 3373 item
704 3307 883 3373 fortalicium
900 3307 930 3371 in
947 3306 1186 3392 gumppeudarsl‘.
1291 3298 1297 3310 ’

244 3415 470 3490 llirabiles,
499 3416 565 3481 die
601 3416 816 3500 raschangi
855 3416 915 3482 sd.
952 3414 1180 3499 februarij,
1218 3416 1474 3481 literaturam.

154 3525 1341 3613 cesareampermuiestatemexhintzagathodate,(5.sebr.)

156 3634 271 3703 nobie
295 3636 582 3703 Viennensibus
606 3635 1115 3710 attulerecousolationem‚
1133 3641 1340 3701 narrantes

155 3747 364 3833 principis
405 3747 656 3814 blaximilinui
691 3747 813 3813 nostri
852 3746 1056 3811 adventum
1097 3748 1339 3832 propediem,

153 3856 470 3922 inFranlrsordia
493 3857 788 3923 iamexistentis
805 3876 883 3921 cum
900 3854 1153 3923 electoribus
1171 3857 1339 3942 imperij.

152 3965 304 4032 Hactenus
321 3987 410 4031 vuum
423 3967 569 4034 florenum
590 3967 812 4051 rogaricalem,
835 3964 997 4038 stolidos,
1027 3963 1071 4030 14
1097 3966 1247 4031 denarios.
1282 3967 1340 4032 Die

153 4076 286 4153 domum
297 4097 352 4141 rex
364 4076 492 4143 idatbias
504 4076 637 4162 Vugarie
649 4098 716 4143 cum
727 4076 909 4161 octingentis
922 4074 1073 4162 equitibus
1084 4077 1139 4141 iuit
1149 4077 1187 4141 de
1204 4077 1340 4142 exercitu
1358 4089 1397 4138 ru
1412 4089 1473 4139 saur.

154 4187 334 4268 „rneriug“
353 4186 389 4251 nd
406 4187 590 4273 neoburgum
608 4184 771 4260 sorensem,
795 4186 845 4251 vbi
869 4189 1043 4270 expectatus
1067 4187 1124 4250 suit
1145 4206 1161 4249 a
1182 4184 1339 4268 legacione

150 4295 346 4381 imperatoris
370 4304 532 4371 turcorum,
560 4298 644 4381 largn
666 4315 787 4361 munera
815 4297 883 4380 regi
898 4293 1032 4379 Vngaric
1059 4293 1208 4370 oblatura,
1231 4294 1339 4361 decem

158 4507 475 4518 ——n———n

181 4659 218 4734 .¹)
235 4659 339 4717 Genius
355 4658 442 4715 nicbts
454 4659 602 4732 alrbunge,
623 4658 708 4714 Labor
718 4657 901 4715 undGekrbsc
915 4657 988 4712 einer
1002 4656 1163 4713 Sebreincs.
1181 4656 1339 4726 Vergleicbo

235 4751 455 4825 „mediocrite
469 4750 521 4806 und
534 4751 779 4824 „Eiugorclrlacbff
792 4750 835 4805 bci
848 4749 994 4805 Scbmeller
1006 4748 1071 4804 bair.
1084 4748 1143 4804 Wb.
1159 4749 1186 4813 3,
1204 4750 1266 4804 427·
