3300 5342
289 465 368 539 too
790 496 980 552 usos-moe

383 639 518 703 l9Maii.
543 638 607 704 lloc
630 640 679 704 (lie
701 642 772 705 dedi
795 643 926 724 insignia
952 641 1125 706 Doctoralia
1148 640 1288 705 Conrado
1313 641 1440 704 Falconi
1462 646 1499 704 et

289 745 431 810 Vdalrico
448 746 549 818 Lerm,
566 754 637 831 aput
654 747 832 812 Camelitas
849 749 963 812 Vieuue
974 747 1013 834 ¹).

379 854 432 916 25.
449 854 542 918 lunii.
566 856 618 919 lui
636 858 666 919 iu
682 856 842 938 legacione
858 857 894 920 ud
911 855 1010 928 hints,
1026 857 1057 919 in
1074 876 1165 920 causa
1183 855 1406 920 Vniuersitatia.

379 965 410 1027 7.
427 962 498 1027 Juli.
522 962 675 1028 Reuersus
692 983 757 1027 sum
774 984 810 1027 ex
828 964 986 1027 binneaio.

831 1147 948 1218 MDVl.

380 1285 432 1349 11.
450 1285 596 1349 Jauusrii.
622 1285 749 1347 Moritur
765 1286 880 1349 Ductor
895 1284 1122 1348 bartholomeus
1138 1284 1262 1349 Staber.

380 1394 410 1457 1.
428 1391 595 1457 Februarii.
620 1391 711 1455 Venit
726 1391 789 1455 Rex
803 1391 958 1455 Viennam.

377 1500 409 1563 2.
426 1500 594 1564 Februarii.
625 1499 694 1563 Dixi
718 1501 882 1563 orationem
908 1499 1001 1581 Regi,
1027 1497 1221 1583 suscipiendo
1246 1499 1343 1583 ipsum
1366 1503 1491 1562 nomine

288 1606 510 1671 Vniuersitatis.

377 1715 407 1777 ὅ.
426 1714 592 1780 Februarii.
624 1715 703 1778 lutra
725 1714 888 1778 secundam
911 1719 942 1776 et
966 1715 1034 1779 bam
1061 1716 1160 1778 noctis
1183 1715 1315 1778 nascitur
1338 1712 1395 1776 tilia
1417 1733 1489 1778 mes

285 1822 423 1886 ‹lobanna
441 1825 568 1903 Agatha,
585 1843 673 1907 quarn
691 1823 729 1886 sle
745 1823 830 1885 fonte
846 1820 1018 1905 baptismali
1035 1822 1148 1886 leuauit
1160 1822 1313 1885 Sereniss.
1325 1821 1387 1885 Rex
1400 1822 1487 1884 Rom

284 1930 519 2003 Maximilianus‚
549 1931 722 2015 Episcopus
754 1932 899 1997 Gurcen..
933 1930 1103 2012 Episcopus
1131 1931 1281 2002 Trident,
1312 1929 1487 2013 Episcopus

285 2038 464 2111 Labacens„
493 2036 662 2109 Sebeclin,
691 2038 770 2102 onr
794 2038 919 2100 Aebacii
945 2035 985 2099 de
1009 2035 1163 2112 Neideck,
1193 2057 1265 2102 vxor
1286 2037 1324 2099 de
1346 2036 1484 2118 Frirling.

286 2143 368 2209 llanc
384 2146 465 2208 Deus
482 2151 645 2209 conseruet
661 2149 693 2208 et
708 2144 867 2207 custodiat.

378 2253 429 2316 lb.
453 2252 621 2316 Februarii.
657 2251 720 2313 lloc
748 2250 798 2313 die
830 2250 993 2313 translatus
1021 2256 1068 2314 est
1094 2249 1224 2314 Sanctus
1251 2249 1424 2335 beopoldus
1452 2252 1484 2314 in

285 2359 424 2425 Claustra
446 2359 610 2442 Neoburgo
632 2380 689 2443 per
704 2357 819 2440 Regem
838 2356 1038 2420 Romanorum
1062 2357 1151 2430 Max..
1176 2357 1357 2442 Episcopum
1373 2356 1484 2422 Salcx·

284 2488 424 2551 purgem,
454 2466 619 2538 Patauien.‚
651 2467 796 2546 Legatum
829 2464 1053 2546 Apostolicum
1080 2464 1305 2537 Tridentinuru,
1337 2464 1484 2537 Gur-een„

284 2577 447 2648 Labacen„
479 2575 651 2645 Secouico„
681 2572 797 2636 ltueem
824 2572 1028 2637 lubucensem
1061 2572 1099 2636 de
1127 2572 1252 2646 Anbalt,
1284 2581 1316 2638 et
1343 2573 1483 2638 Preietos

283 2685 380 2747 tocius
397 2684 564 2768 prouincie,
581 2701 688 2763 magna
706 2701 772 2744 cum
789 2699 910 2763 pompa.

373 2790 560 2855 3111111111.
598 2789 660 2853 lluc
692 2788 742 2851 die
773 2788 905 2851 recessit
931 2808 948 2851 a
976 2808 1024 2851 me
1048 2788 1250 2852 Cluarissimus
1277 2807 1368 2852 socer
1395 2808 1482 2853 meus

286 2898 406 2963 Vlricus
422 2898 533 2961 Putseh
550 2898 587 2961 ad
606 2894 886 2981 Vallemarcianv).

375 3004 479 3070 Mense
496 3004 585 3069 Juuio
603 3003 713 3068 bellum
729 3002 921 3085 Vagaricurn.

377 3110 407 3177 1.
423 3113 509 3179 1111111.
533 3111 705 3176 Incendium
722 3110 794 3173 ville
811 3110 925 3174 Vlricb.

375 3223 405 3284 9.
423 3218 505 3284 Julii.
531 3217 633 3283 Nostri
648 3217 758 3300 Legati
775 3217 812 3279 ad
831 3216 1000 3297 Vngariam.

378 3329 430 3415 to.
448 3327 529 3392 Julii.
556 3326 670 3408 Vngari
687 3326 725 3389 ad
741 3345 796 3388 nos
812 3324 942 3387 veniunt.

374 3437 428 3500 19.
445 3434 527 3499 lulii.
552 3433 613 3497 Pax
629 3434 707 3496 iacta
725 3439 771 3496 est
788 3434 863 3496 bora
880 3436 985 3494 octaua
1003 3432 1033 3492 io
1049 3450 1161 3494 occasu
1177 3430 1261 3496 solis.

373 3544 405 3606 2.
423 3542 559 3625 Augusti.
585 3540 661 3622 Fugi
684 3546 801 3623 pestem
818 3560 855 3601 ex
874 3537 987 3600 Vienna
1004 3555 1071 3600 curu
1088 3556 1179 3600 vxore
1195 3544 1225 3599 et
1241 3534 1356 3599 liberis.
1383 3536 1481 3601 Habui

282 3672 338 3735 pro
355 3650 463 3715 uiatico
482 3649 546 3714 193
563 3648 593 3711 fl.

374 3763 404 3823 9.
422 3757 559 3839 Augusti.
585 3756 662 3820 Veni
678 3756 707 3817 iu
725 3754 883 3819 Grnunden
899 3753 937 3816 ad
955 3753 1114 3816 sororium.
1136 3750 1139 3755 ’

375 3867 428 3930 19.
451 3865 587 3946 Augusti.
624 3864 750 3928 Moritur
781 3862 845 3926 Rex
876 3861 1001 3927 Polouie
1037 3860 1221 3931 Alexander,
1257 3860 1351 3923 irater
1383 3859 1479 3942 Regis

283 3973 415 4057 Vngarie
431 3978 502 4044 ete,
520 3971 585 4038 Dux
601 3972 739 4035 bituanie
756 3976 815 4034 etc.

372 4080 426 4145 29.
444 4080 582 4162 Augusti.
603 4079 729 4142 Moritur
741 4077 832 4141 liliola
845 4096 911 4141 mes
923 4075 1060 4140 lobanna
1073 4073 1261 4146 charissima,
1279 4074 1364 4139 cuius
1381 4075 1480 4138 anima

280 4189 453 4274 requiescat
468 4189 499 4251 iu
514 4208 607 4272 pace;
632 4186 752 4272 sepulta
769 4187 799 4249 iu
816 4184 983 4250 Gmunden.

316 4459 344 4531 ¹)
363 4461 469 4514 Warum
482 4455 555 4510 nicht
574 4455 600 4508 in
620 4453 669 4507 ulcr
684 4452 851 4510 Domlircbe,
873 4453 942 4503 lerut
960 4465 1019 4503 1111111
1039 4466 1086 4502 uus
1098 4446 1314 4502 Mittertlorber'a
1327 4447 1392 4501 llist.
1406 4448 1479 4501 uuir.

364 4550 455 4602 911111.
468 4549 494 4607 2,
507 4548 551 4601 79.
571 4545 620 4599 Dic
633 4542 742 4595 otebste
755 4539 834 4595 Reisa
847 4539 892 4593 C's
905 4540 1009 4593 bexiebt
1022 4538 1079 4592 sieta
1093 4537 1160 4590 molal
1175 4538 1285 4592 bieraut.

314 4637 343 4709 ¹)
362 4639 494 4692 uanum
