3300 5342
692 502 893 560 otiu-1511.

736 728 839 800 MDX.

283 866 333 931 14.
351 867 462 931 Martii.
487 868 559 935 Post
576 869 721 935 decimam
736 868 768 931 in
784 871 887 941 nocte,
900 866 973 932 hora
989 867 1078 951 paolo
1091 868 1160 953 plns
1173 868 1281 940 madia,
1299 871 1385 933 natus

190 982 237 1039 est
252 975 330 1038 filius
347 993 431 1038 meus
447 975 620 1062 Leopoldus
635 977 821 1048 Anastasius,
845 998 881 1041 ex
897 976 979 1039 fonte
994 975 1182 1061 baptismatis
1199 975 1314 1040 leuatus
1330 996 1385 1060 per

190 1085 224 1148 li.
247 1084 365 1153 Patrem
393 1083 550 1153 Dominum
578 1086 740 1151 Ductorem
762 1084 845 1149 Juris
874 1083 1023 1149 Pontificii
1045 1084 1209 1166 Georgium
1239 1084 1385 1158 Pronner,

190 1191 357 1257 Officialem
366 1192 590 1267 Patauienssm;
603 1192 781 1274 Magistrum
791 1192 974 1257 Bernardum
983 1191 1164 1259 umomoum
1173 1191 1205 1257 S.
1215 1192 1362 1277 Stephani
1373 1215 1382 1267 ;

190 1300 394 1374 liutharium,
412 1321 533 1371 uxorem
547 1301 663 1366 Notarii
680 1301 822 1366 ciuitatis.

304 1410 333 1473 1.
352 1408 432 1473 Maii.
459 1408 577 1473 Cecinit
592 1409 739 1494 primitias
755 1408 933 1494 Propositus
949 1412 1063 1473 nostor.

304 1518 334 1582 3.
353 1517 435 1581 Maii.
460 1518 588 1583 Moritur
602 1518 717 1583 Ductor
732 1515 914 1599 Eunncgen.

284 1628 334 1691 16.
351 1625 443 1695 lunii.
467 1625 509 1691 lui
525 1628 557 1697 in
573 1626 731 1713 legacione
748 1625 870 1693 Cesaris
886 1625 923 1693 ad
938 1623 1053 1708 Regem
1070 1626 1212 1710 Vngarie.

303 1738 332 1801 7.
351 1734 435 1800 Julii.
460 1734 522 1799 Hoc
539 1735 589 1799 die
602 1735 701 1809 Tatta,
719 1736 750 1801 iu
768 1734 881 1819 oppido
894 1733 1036 1817 iugario,
1051 1735 1107 1803 fuit
1122 1734 1253 1803 uratum
1269 1756 1286 1803 1
1302 1734 1383 1801 lulio

191 1842 335 1911 Pontifice
346 1843 381 1909 ll.
396 1842 551 1911 Vladislao
563 1843 639 1926 Regi
651 1843 784 1926 Vngarie
796 1842 908 1927 pileum
921 1844 951 1907 et
964 1842 1045 1905 ensis
1058 1862 1177 1915 aureus,
1195 1864 1263 1908 cum
1276 1864 1382 1926 magna

190 1952 380 2016 solemnitate
403 1957 434 2016 et
455 1950 555 2015 multis
579 1952 751 2032 cerimonijs
773 1952 803 2014 in
826 1950 921 2014 Missa
941 1953 1055 2014 etcum
1071 1948 1381 2039 benedictioncllpo-

191 2059 298 2123 stolica
331 2065 362 2123 et
389 2058 534 2143 plenariis
565 2057 771 2140 indulgentiis.
807 2058 876 2121 Euit
903 2061 1002 2121 autem
1029 2057 1163 2123 Nuncius
1188 2060 1380 2145 Apostolicus

189 2169 304 2241 Simon,
327 2165 508 2232 Modrisnsis
525 2167 702 2252 Episcopus,
725 2167 776 2251 qui
791 2166 876 2249 prcus
892 2166 982 2232 lectis
998 2165 1095 2231 literis
1111 2166 1293 2253 Apostolicis
1311 2188 1381 2233 cre·

190 2274 392 2348 dencialilous,
416 2275 524 2360 quibus
546 2275 635 2341 etiam
658 2276 894 2343 misticacionem
912 2274 1073 2360 explieauit
1088 2294 1244 2341 munerum
1260 2277 1333 2362 pilei
1350 2283 1382 2343 et

190 2384 289 2456 ensis,
312 2381 422 2449 dehinc
443 2382 548 2449 habuit
569 2386 734 2448 orationem
756 2381 895 2455 breuem,
921 2402 977 2469 qua
1001 2382 1109 2448 obtulit
1130 2403 1262 2451 munera.
1288 2385 1382 2450 Erant

192 2498 288 2561 autem
309 2496 468 2575 presentes
495 2512 562 2561 cum
578 2492 662 2573 Rogo
683 2497 714 2557 et
736 2489 918 2576 proceribus
935 2494 999 2556 suis
1016 2511 1050 2555 ac
1069 2492 1205 2558 omnihus
1221 2494 1380 2583 Episcopis

190 2604 326 2665 oratores
342 2598 478 2673 cesaris,
503 2606 605 2665 orator
620 2602 711 2685 Regis
728 2601 874 2673 Francis,
899 2604 1034 2664 oratores
1058 2599 1116 2665 duo
1132 2600 1226 2686 Regis
1242 2602 1379 2679 Polonie,

189 2708 297 2772 Orator
312 2707 454 2774 Venetus.
482 2708 554 2779 Erat
569 2711 660 2773 stiam
682 2714 786 2795 preter
802 2708 949 2791 Legatum
968 2707 1138 2794 predictum
1155 2710 1232 2777 alius
1247 2712 1381 2797 Legatos

189 2816 378 2903 Apostolicus
394 2837 411 2880 a
426 2817 532 2889 latere,
548 2816 683 2882 Achilles
699 2816 737 2882 de
753 2816 883 2881 Crassis.

285 2925 334 2991 16.
351 2924 541 2995 Nouembris.
571 2924 614 2990 lui
635 2927 666 2990 in
687 2927 856 3009 Legatione
876 2925 914 2990 ad
936 2925 1051 3011 Regem
1075 2926 1296 3009 Hungarorum,
1324 2949 1380 3013 pro

189 3031 327 3101 faciendo
348 3034 453 3103 tedere
469 3038 573 3103 contra
591 3033 723 3099 Venetos
740 3039 772 3096 et
787 3034 1000 3120 desponsanda
1017 3034 1077 3117 filia
1094 3033 1202 3101 Carolo
1217 3035 1380 3103 Arolriduci

188 3141 309 3211 Austris
326 3147 357 3207 ct
373 3142 554 3227 Burgundio,
571 3140 680 3228 Nepoti
697 3141 829 3207 Cesaris.

728 3325 844 3397 lllDXl.

283 3469 334 3532 13.
350 3467 495 3532 lanuarii.
520 3465 673 3533 Reuersus
689 3486 725 3532 en
741 3468 892 3550 legatione
908 3486 925 3530 a
940 3466 1024 3551 lisga
1042 3466 1184 3552 Vngaria.

279 3577 331 3640 26.
350 3575 462 3640 llartii.
487 3574 544 3639 Ein
560 3574 723 3662 Erdloyden
742 3574 772 3650 3,
791 3573 812 3637 4
828 3579 889 3657 tag,

280 3685 334 3747 22.
353 3684 432 3747 llaii.
457 3684 533 3749 Nata
550 3688 598 3749 est
614 3685 686 3749 mihi
704 3683 764 3755 lilia
776 3684 890 3757 Helena
902 3682 1078 3758 Alexandra,
1096 3685 1169 3749 hora
1182 3691 1266 3749 sexta
1283 3705 1379 3761 mane,

188 3795 299 3865 minuto
309 3798 426 3881 quarto.
450 3792 563 3865 Patrini
578 3793 713 3861 fuerunt:
738 3793 904 3861 Lorencius
918 3791 1290 3871 Sawrer,.Vicedominus,
1309 3816 1380 3860 vxor

188 3902 328 3967 Doctoris
346 3899 510 3975 Schretiel,
527 3922 600 3966 vxor
616 3900 733 3966 Notarii
748 3901 832 3966 vrbis
849 3900 1037 3965 Viennensis.

279 4011 332 4076 30.
350 4010 486 4096 Augusti.
515 4009 559 4076 lui
584 4011 614 4074 in
636 4009 795 4092 legacione
816 4008 854 4073 ad
872 4008 986 4093 Regem
1003 4008 1154 4093 ilungarie
1178 4029 1244 4075 cum
1262 4007 1378 4075 Comite

188 4116 396 4205 Leonard01),
413 4120 443 4183 in
455 4120 572 4202 magnis
584 4120 731 4201 negociis,
748 4123 779 4183 et
794 4118 922 4187 fecimus
935 4117 1044 4207 duplex
1056 4117 1273 4189 matrimonium
1284 4116 1379 4202 Regis

188 4228 335 4298 Luduuici
352 4232 383 4294 et
396 4226 581 4295 Eerdinantli
597 4227 691 4311 Regis
707 4226 840 4291 Castilie.

225 4410 228 4415 y
281 4339 310 4402 3.
329 4337 528 4423 Septembris.
555 4337 697 4405 Venimus
713 4336 835 4401 Budam.

229 4674 254 4745 ¹)
274 4677 345 4733 Grai
354 4677 491 4734 Leonharrl
506 4694 555 4733 von
567 4676 691 4749 Nogarot.
