3300 5342
265 476 316 548 ⁴⁴
819 510 899 566 ress.

121 678 161 724 os.
176 678 237 727 reor.
264 657 377 722 Sancto
393 656 558 741 leopoldo.
584 657 688 722 Amen.
735 658 807 723 ltem
829 657 920 741 utque
937 657 1038 742 qrriote
1060 656 1136 720 seria
1151 663 1221 741 post
1237 657 1348 722 mathie
1364 675 1453 722 voum

263 765 408 828 florenum
424 764 588 838 remensem,
605 770 669 829 tres
685 762 779 830 libras
796 765 837 837 d.,
854 765 903 829 lex
919 763 958 828 iz.
977 763 1008 828 d.
1054 764 1127 828 ltem
1151 784 1188 830 eo
1205 765 1254 830 die
1272 764 1453 830 examinatus

263 873 306 937 elt
322 872 468 956 magister
485 874 628 938 martinus
645 873 801 958 staiupeisa
818 896 855 939 ex
871 874 985 938 Vienna
1002 876 1033 938 et
1048 876 1219 958 promotus,
1245 895 1261 937 e
1286 893 1344 959 quo
1360 871 1452 938 habui
1549 944 1552 951 ,

27 1003 244 1062 25,s,1‚,‚.a.mmt
262 982 390 1046 medium
413 984 556 1047 florenum
578 982 792 1066 rogericalem.
849 983 922 1047 ltem
944 984 1021 1047 infre
1047 987 1174 1047 octaues.
1190 983 1301 1048 mathie
1324 981 1454 1067 apostoli

262 1091 387 1156 mathias
404 1112 458 1157 rex
474 1093 599 1176 rogaris
611 1092 695 1158 dedit
705 1113 760 1178 pro
773 1093 957 1177 stipendiatis
969 1091 1135 1158 lectoribus
1147 1092 1345 1161 uniuersitatis
1358 1090 1453 1156 Vien-

261 1201 359 1266 nenos
376 1201 456 1267 mille
472 1201 566 1267 libras
585 1203 618 1287 d,
643 1204 686 1269 Ex
708 1202 815 1289 quibus
838 1222 897 1286 ego
919 1203 1042 1271 ioannes
1066 1203 1170 1268 tichtel
1187 1201 1277 1267 habui
1301 1209 1332 1266 et
1347 1201 1451 1286 recepi

260 1310 456 1398 quadraginta
473 1312 567 1377 libres
583 1313 612 1378 d.
658 1315 732 1379 Item
748 1319 818 1379 tunc
835 1315 993 1398 temporis,
1015 1333 1069 1398 pro
1095 1313 1218 1397 augaria
1235 1313 1384 1383 cinerum,
1409 1330 1447 1377 ex

261 1427 409 1487 conventu
425 1423 458 1488 S.
478 1422 623 1489 dorothee
639 1424 713 1497 duas
729 1421 823 1487 libras
839 1422 868 1488 d.
894 1422 1037 1487 Dominus
1053 1421 1152 1486 iheius
1169 1420 1295 1487 christus
1311 1420 1450 1506 predicto

261 1532 327 1616 regi
343 1530 508 1596 liberaliter
524 1531 638 1597 donare
655 1535 797 1615 dignetur
819 1532 899 1597 luam
924 1532 1056 1614 greciam
1078 1534 1109 1595 et
1128 1531 1216 1595 nobie
1238 1531 1297 1595 iuis
1313 1529 1451 1595 subditis.

122 1659 158 1705 te.
176 1660 243 1705 mart.
261 1641 364 1704 Amen.
410 1641 485 1705 ltem
500 1641 590 1727 usque
606 1641 642 1706 ad
660 1642 741 1706 diem
755 1642 926 1728 sequentem
947 1645 1016 1726 post
1037 1639 1198 1723 gerdrudis
1221 1640 1297 1706 duos
1320 1641 1450 1705 florenos

261 1749 452 1833 rogariceles
469 1748 505 1813 ab
520 1748 661 1815 ballerin.
707 1750 780 1814 ltem
796 1749 873 1816 dnos
893 1770 909 1813 e
925 1748 1072 1814 lulchner
1088 1769 1124 1814 er
1134 1749 1278 1833 medling,
1293 1749 1369 1813 item·
1381 1754 1450 1814 octo

122 1877 160 1923 1o.
176 1880 243 1924 nare.
261 1858 353 1923 libras
370 1859 398 1923 d.
416 1864 447 1925 et
463 1860 507 1924 32
523 1859 553 1923 d.
600 1860 673 1925 ltem
690 1881 726 1924 eo
743 1860 803 1933 die,
820 1859 935 1926 scilicet
951 1859 1084 1945 loquenti
1100 1862 1169 1944 poet
1183 1856 1359 1943 gerdrudis,
1376 1857 1451 1922 duas

260 1968 353 2033 librae
371 1969 400 2034 d.
417 1991 453 2032 er
469 1970 610 2053 magistro
626 1969 769 2054 itepheno
786 1990 823 2034 er
839 1969 975 2055 pataria,
997 1969 1048 2055 qui
1075 1987 1112 2034 eo
1128 1968 1178 2033 die
1194 1968 1379 2033 examinatus
1396 1966 1453 2032 luit

262 2083 293 2142 et
308 2083 473 2164 promotus.
498 2079 556 2144 Pro
572 2099 631 2163 qua
647 2078 775 2164 pecunia
792 2079 851 2142 emi
868 2076 989 2142 couleur
1004 2097 1091 2143 vnum
1118 2082 1310 2160 argenteum,
1332 2075 1451 2159 ponde·

261 2210 330 2254 raus
346 2194 410 2253 tres
427 2188 544 2253 latones
565 2194 596 2252 et
617 2188 756 2253 mediam.
799 2187 983 2252 Benedictus
1011 2186 1085 2252 deus
1110 2192 1141 2252 et
1162 2192 1256 2252 mater
1279 2188 1344 2252 eius
1363 2187 1451 2270 virgo

121 2313 159 2360 1¹.
175 2327 226 2372 apr.
260 2300 363 2363 maria.
386 2300 490 2362 Amen.
547 2297 621 2361 ltem
642 2296 733 2382 usque
755 2295 792 2359 ad
814 2297 948 2382 quintam
972 2297 1077 2360 feriam
1100 2296 1178 2361 infra
1207 2301 1329 2361 octonas
1352 2296 1451 2382 pasce.

262 2410 304 2473 12
320 2406 412 2472 libres
429 2405 458 2470 d.
483 2406 526 2470 llo
550 2404 600 2469 die
624 2407 737 2488 incepit
753 2405 851 2489 frigus
868 2408 898 2468 et
913 2408 1031 2469 ventus.
1077 2405 1151 2469 ltem
1167 2404 1381 2490 proclamatum
1398 2405 1451 2476 eit.

259 2523 292 2583 ut
305 2521 414 2597 treuge
429 2516 510 2580 inter
524 2517 734 2598 imperatorem
758 2518 789 2579 et
802 2532 918 2597 vregern
936 2513 1068 2597 Vngario
1084 2513 1176 2598 usque
1198 2513 1237 2578 ad
1261 2512 1338 2579 diem
1362 2512 1452 2597 Egidi

261 2628 319 2710 (1.
336 2626 442 2709 sept.)
462 2624 727 2710 prolongerentur,
749 2644 785 2688 ea
807 2623 998 2696 condicione,
1018 2644 1076 2710 que
1086 2622 1202 2688 itabant
1214 2623 1251 2687 ad
1265 2623 1338 2706 blaij
1349 2623 1450 2697 linem,

259 2756 296 2800 on
320 2734 436 2800 scilicet
457 2734 541 2799 cesar
562 2737 680 2818 poetata
703 2753 760 2818 per
784 2732 891 2798 ducem
915 2732 1062 2799 albertum
1078 2733 1195 2797 [exonie
1211 2732 1285 2798 relit
1299 2738 1404 2798 tenere
1421 2737 1453 2798 et

259 2845 419 2916 affirmare.
466 2845 539 2909 ltem
556 2844 672 2907 interea
693 2862 750 2907 ror
772 2847 839 2906 erat
861 2846 893 2906 et
913 2860 1014 2905 rumor
1040 2846 1071 2904 et
1092 2840 1187 2914 fama,
1210 2840 1451 2915 maximilianum,

258 2954 395 3019 friderici
412 2955 523 3018 celeris
540 2952 648 3025 lilium,
665 2953 695 3016 in
711 2971 817 3035 regem
834 2970 1024 3016 romanorum
1041 2951 1186 3025 electum,
1210 2951 1273 3016 elic
1298 2949 1452 3016 detentum

259 3069 290 3129 et
306 3069 424 3149 captum
440 3084 457 3126 a
473 3062 591 3128 ciuibus
608 3061 646 3127 de
656 3046 766 3144 brugis
782 3062 812 3126 in
827 3060 969 3134 tlandria,
980 3067 1016 3125 et
1031 3060 1195 3147 philipum,
1217 3063 1451 3146 primogenitum

259 3174 459 3248 maximiliani,
476 3179 622 3238 mortuum
642 3169 682 3257 ¹).
707 3172 790 3236 Deus
806 3192 860 3256 pro
876 3170 926 3234 fua
941 3171 1152 3235 misericordia
1169 3177 1250 3256 eget.
1267 3173 1369 3236 Amen.
1386 3172 1451 3237 Deo

120 3298 159 3344 eo.
176 3311 224 3356 apr.
260 3284 389 3366 graciae,
405 3281 462 3346 deo
479 3280 615 3366 graciasl
639 3279 794 3344 Dominico
820 3284 889 3343 ante
910 3279 1029 3362 georgii
1052 3298 1142 3343 vnum
1163 3279 1307 3345 florenum
1330 3282 1453 3363 rogari-

261 3392 366 3465 calem‚
382 3391 432 3455 lex
447 3389 540 3454 librae
557 3388 598 3462 d.,
615 3389 636 3453 t
653 3389 691 3453 la.
709 3388 738 3453 d.
772 3388 815 3454 Eo
839 3387 888 3454 die
912 3409 1016 3453 rumor
1039 3388 1113 3461 luit,
1138 3387 1218 3474 quod
1244 3410 1298 3453 rex
1324 3390 1468 3454 mathias

259 3506 403 3586 preparet
418 3521 452 3563 se
467 3498 505 3564 ad
521 3498 579 3563 iter
595 3496 763 3562 faciendum
779 3518 848 3562 cum
865 3498 1000 3563 exercitu
1012 3498 1050 3562 ad
1063 3496 1189 3562 ilesram.
1206 3497 1288 3563 Deus
1301 3498 1352 3563 det
1364 3499 1451 3564 nobis

260 3610 341 3674 luam
355 3610 497 3693 graciam,
515 3613 546 3672 et
560 3602 597 3671 fit
612 3607 667 3671 libi
682 3607 788 3691 gloria.
804 3608 908 3671 Amen.
938 3607 1011 3672 ltem
1027 3607 1157 3693 maioque
1174 3608 1213 3672 sn.
1231 3608 1346 3673 eodem.
1374 3607 1450 3672 ltem

123 3738 161 3803 aa
177 3750 227 3796 apr.
260 3718 352 3804 ulque
368 3718 515 3785 dominice
531 3720 600 3801 post
615 3718 724 3800 georgi
742 3717 756 3780 l
776 3716 884 3780 librum
901 3715 929 3780 d.
946 3722 977 3780 et
988 3716 1094 3782 decern
1107 3718 1238 3782 florenos
1250 3717 1451 3800 rogoricoles,

184 3834 187 3840 '
261 3849 298 3892 er
313 3847 404 3893 uxore
421 3829 517 3911 ipsius
534 3826 679 3890 hemeriei
695 3824 765 3911 span
781 3827 810 3890 in
828 3808 964 3911 posonio,
986 3825 1024 3890 ad
1048 3845 1135 3910 quanm
1159 3825 1200 3890 ini
1223 3826 1357 3892 secunda
1373 3827 1449 3891 feria

27 3952 65 3996 er.
83 3953 107 3997 et
120 3951 159 3996 ec.
177 3964 226 4009 apr.
265 3944 334 4001 ante
350 3938 479 4021 georgii,
497 3940 528 3999 et
543 3936 664 4001 labstho
680 3940 749 4019 post
764 3935 885 4018 georgii
900 3933 1015 3998 reveni.
1061 3935 1134 3999 ltem
1150 3935 1285 4019 predicta
1302 3934 1451 4000 dominico

259 4070 314 4135 per
329 4046 439 4110 bullam
454 4066 532 4130 pape
546 4045 732 4116 Innocencii,
755 4043 812 4107 iam
835 4044 1010 4108 kathedram
1031 4046 1108 4129 petri
1129 4046 1278 4119 tenentis,
1300 4043 1451 4130 publicata

195 4220 197 4225 .
260 4158 303 4222 eit
318 4154 535 4221 administracio
552 4154 643 4218 uolui
664 4153 851 4237 episcopatus
877 4152 1055 4217 Viennensis
1077 4152 1258 4218 solemniter.
1291 4151 1373 4217 Laus
1392 4153 1450 4219 deo

296 4524 323 4598 ¹)
344 4524 464 4580 Ersteres
484 4541 536 4578 war
550 4521 714 4577 Lichtmcsse
727 4521 798 4577 1488
811 4522 970 4595 geschehen,
994 4523 1121 4577 letzteres
1139 4539 1187 4577 our
1205 4520 1246 4575 ein
1265 4522 1380 4577 ieleohes
1394 4519 1450 4575 Ge·

344 4618 430 4679 rr'rcbt,
449 4617 516 4670 deon
529 4616 631 4687 Philipp
645 4616 718 4670 etarb
732 4618 788 4670 eret
800 4616 928 4669 achtzebn
942 4615 1022 4671 lehre
1035 4614 1159 4680 darnach,
1177 4630 1218 4671 am
1236 4614 1281 4671 tt.
1295 4612 1450 4689 September

344 4709 416 4769 1506
428 4708 454 4763 io
467 4708 584 4782 Spanien
596 4725 630 4761 au
643 4707 753 4777 llurgoe.
