3300 5342
282 518 359 590 372
839 547 919 602 raso.

280 692 359 756 hanc
385 693 569 776 prouinciam
597 692 833 757 demandandam
863 691 1016 765 duximus,
1043 693 1261 778 Hortamurque
1286 712 1341 756 nos
1365 691 1475 756 obnixe

279 806 430 886 petentes,
446 808 479 866 rt
494 802 552 866 hoc
563 822 669 867 munus
683 807 785 867 nostro
803 803 922 866 nomine
937 803 1111 886 suscipiatis
1122 800 1150 888 ¹)
1167 809 1198 867 et
1213 802 1329 866 litteras
1342 808 1475 873 nostras,

281 931 356 994 quas
379 913 435 974 ianr
458 912 489 976 in
512 912 650 976 Vestram
672 909 864 975 credentiam
890 912 970 995 (Bt.
989 911 1114 996 376⁶.)
1138 912 1316 982 scribimus,
1338 929 1476 996 quasque

281 1025 368 1084 antea
393 1020 473 1084 dicto
499 1020 651 1106 Episcopo
679 1019 902 1103 Nnruburgensi
929 1020 966 1084 ad
995 1022 1183 1104 praedictum
1212 1020 1334 1085 earm.
1359 1021 1475 1100 llegem

281 1127 423 1193 Poloniae
439 1128 597 1213 Regnique
613 1129 762 1194 Proceres
779 1133 811 1192 et
826 1131 924 1193 status
940 1128 1062 1213 publice
1077 1135 1109 1193 et
1124 1128 1263 1213 priuatim
1281 1127 1475 1199 dederamus,

281 1235 373 1323 (quas
396 1259 500 1303 omnes
522 1259 581 1302 una
606 1260 673 1303 cum
695 1238 843 1303 mandatis
865 1237 903 1302 ad
926 1258 991 1302 eam
1013 1259 1078 1302 rem
1100 1237 1285 1319 necessarijs
1303 1258 1319 1300 a
1335 1236 1474 1321 praelato

279 1345 379 1410 Ser'¹¹⁰.
402 1348 497 1412 tratre
521 1353 634 1421 nostru,
658 1348 858 1411 Romanorum
877 1353 937 1412 etc.
954 1347 1054 1430 Rege,
1076 1346 1263 1432 accipietis)
1286 1345 1336 1427 ijs,
1361 1343 1473 1429 quihus

279 1455 443 1539 inscriptae
458 1463 538 1528 sunt,
562 1456 710 1529 reddatis,
735 1462 766 1520 et
782 1455 861 1540 apud
878 1476 932 1520 eos
949 1456 1131 1520 coniunctim
1148 1459 1180 1519 et
1194 1455 1358 1538 separatim
1375 1453 1475 1518 omnia

277 1562 339 1636 illa,
361 1583 438 1648 quae
459 1565 633 1648 praedictus
649 1564 795 1648 Princeps
812 1568 918 1628 noster
934 1565 1102 1648 Episcopus
1118 1562 1355 1645 Nnmburgensis
1373 1561 1474 1626 lactu·

278 1691 331 1737 rus
349 1681 425 1746 erat,
443 1679 546 1737 nostro
564 1675 683 1738 numine
699 1673 821 1758 publice
837 1695 873 1737 ac
890 1674 1029 1757 priuatim
1046 1673 1232 1758 proponatis,
1255 1672 1425 1756 procuretis
1441 1674 1474 1733 et

279 1779 456 1855 conficiatis,
472 1782 506 1845 ln
521 1801 558 1846 eo
574 1801 640 1846 rem
656 1781 743 1846 nobis
759 1782 896 1866 adprime
907 1787 1023 1865 gratam
1040 1782 1160 1852 facturi,
1177 1800 1265 1864 quam
1280 1780 1361 1845 omni
1375 1778 1472 1861 gratia

276 1887 550 1975 beneuolentiaque
566 1896 669 1956 nostra
685 1911 865 1974 agnoscere,
887 1911 1079 1974 pensareque
1095 1889 1292 1956 studebimus.
1316 1887 1424 1951 Datum
1441 1887 1471 1950 in

278 1995 398 2082 Oppido
414 2003 518 2063 nostru
532 2000 691 2064 Traiectus
704 1999 818 2072 Mosae,
835 1999 885 2064 die
898 1999 1008 2081 Quinto
1021 2000 1133 2063 mensis
1149 1998 1241 2080 Junij,
1257 1999 1342 2061 Anno
1354 1996 1472 2060 Domini

278 2106 382 2172 lllill²¹⁰.
402 2108 595 2190 Quingent¹¹²⁰.
613 2107 884 2194 Quinquagesimo,
899 2109 1022 2193 lmperij
1039 2110 1135 2173 nostri
1146 2108 1237 2172 XXX⁰
1254 2112 1286 2170 et
1299 2105 1470 2188 Regnorum

277 2220 450 2281 nostrorum
466 2215 595 2281 mur.

787 2322 963 2388 Carolus.

630 2434 675 2497 Ad
691 2434 860 2497 mandatum
878 2432 966 2497 Caes.
985 2439 1017 2496 et
1033 2431 1118 2497 Catb.
1137 2430 1233 2514 blajl'.
1251 2433 1422 2517 proprium:

745 2554 751 2559 '
865 2541 885 2607 J
893 2563 921 2607 o.
939 2541 1229 2624 Obernhurger.

366 2741 442 2824 (Bt.
453 2739 578 2823 377⁶.)
610 2738 711 2802 Nobili
738 2759 774 2803 ac
803 2740 993 2814 Honorabili,
1020 2741 1127 2815 Docto,
1156 2741 1323 2805 nostriset
1348 2738 1469 2823 lmperij

275 2849 363 2912 Sacri
379 2848 530 2921 fidelihus,
555 2846 692 2912 dilectis:
717 2847 913 2931 Sigismundo
930 2850 1027 2914 libero
1044 2850 1154 2914 baroni
1171 2852 1201 2913 in
1218 2848 1423 2922 llerherstain,
1439 2849 1468 2910 in

273 2957 410 3042 Neiperg
427 2963 457 3020 et
470 2956 675 3038 Guettenhag,
692 2957 730 3020 ut
741 2957 849 3022 loanni
861 2958 976 3040 lango,
993 2959 1110 3024 durium
1125 2958 1261 3031 Ductori,
1279 2954 1376 3021 Ser¹¹¹.
1394 2956 1470 3019 Fra-

273 3066 328 3131 tris
345 3067 449 3139 nostri,
471 3066 670 3130 Romanorum
682 3071 741 3129 cte.
753 3066 847 3149 Regis
864 3065 1063 3150 Consiliarijs,
1081 3068 1161 3132 etad
1179 3067 1321 3131 Poloniae
1334 3066 1469 3149 Regnum

274 3175 464 3249 Oratoribus,
481 3175 660 3241 Dilectiunis
678 3196 751 3240 suae
767 3180 799 3239 et
815 3177 939 3242 nostris.

223 3385 237 3432 ·.
370 3375 446 3459 (Βὶ.
459 3370 584 3454 377⁶.)
601 3377 655 3439 Am
672 3375 797 3440 Vierteu
812 3375 894 3460 Julp,
912 3375 956 3441 als
974 3375 1030 3438 wir
1047 3375 1126 3460 hayd
1143 3375 1313 3458 gesanndte
1329 3376 1383 3439 urit
1400 3375 1467 3439 dem

273 3484 370 3549 Herrn
395 3482 516 3547 Samuel
538 3483 689 3547 Bischoue
711 3504 748 3547 zu
764 3482 907 3547 Craccaw
929 3483 1007 3549 rond
1025 3483 1122 3547 llerrn
1139 3484 1275 3548 llannsen
1294 3483 1415 3548 Grauen
1431 3505 1468 3548 au

273 3592 411 3663 Tarnaw,
441 3590 609 3655 Casstellan
640 3613 678 3655 zu
701 3590 856 3664 CraccaW,
886 3592 930 3656 als
954 3592 1014 3656 den
1035 3593 1227 3656 vertrantistn
1251 3591 1304 3655 des
1328 3591 1467 3672 llbdnigs

270 3701 357 3774 narn,
384 3701 437 3764 des
455 3699 694 3784 llhayserlichen
710 3700 843 3763 Beuelhs
862 3699 984 3775 halben,
1008 3701 1062 3765 der
1081 3723 1157 3765 vnns
1182 3700 1367 3766 zuelrhumen
1394 3721 1466 3772 was,

270 3807 446 3890 gehanndlt,
469 3807 528 3872 hab
551 3806 713 3872 derselben
731 3808 798 3871 Zeit
814 3807 866 3872 lch
883 3809 1113 3893 nacbnolgende
1139 3829 1291 3894 maynung
1315 3809 1367 3871 mit
1393 3809 1465 3872 lnen

293 3918 397 3981 eredt:

270 3938 292 4001 g
364 4024 431 4102 „llil
456 4024 549 4088 reden
573 4022 718 4105 lanngten
738 4023 817 4088 mich
843 4045 891 4096 an,
916 4026 959 4088 als
976 4024 1059 4088 hette
1076 4025 1125 4088 die
1141 4024 1198 4087 ltu.
1215 4023 1310 4087 wirde
1326 4044 1362 4086 zu
1379 4023 1463 4087 Polln

270 4136 399 4219 hegierd
416 4135 502 4199 Vnnd
525 4133 726 4215 verlanngen,
751 4134 823 4198 Sich
847 4136 900 4197 mit
914 4135 969 4199 llo.
987 4136 1043 4199 uu.
1061 4136 1132 4218 ldaj.
1150 4134 1293 4199 zrrseheu.
1320 4134 1379 4196 Wo
1396 4135 1463 4198 dem

270 4247 345 4319 also,
371 4245 501 4309 deuchte
524 4242 602 4307 mich
625 4247 709 4307 rasst
730 4263 778 4306 am
802 4245 1002 4308 nuczlicbistn
1025 4246 1102 4317 sein,
1128 4245 1177 4308 die
1200 4243 1323 4314 sochen,
1348 4244 1464 4309 welche

269 4355 365 4419 durch
388 4352 486 4436 bayde
508 4352 556 4417 lre
572 4352 667 4434 lllajffl.
685 4351 782 4416 sollen
800 4354 830 4416 in
847 4354 912 4416 lrer
928 4354 1187 4419 zusamenlrbunfli
1203 4353 1368 4436 gehanndlt
1382 4375 1463 4417 wer-

268 4465 339 4538 den,
367 4464 422 4527 das
450 4460 606 4526 dieselhen
635 4460 732 4525 durch
760 4460 836 4527 itate
860 4461 934 4526 oder
959 4462 1143 4528 Potschadtn
1166 4481 1261 4528 zuuur
1284 4460 1463 4544 rerglichen

307 4718 333 4791 ¹)
357 4714 517 4789 ‘suscipere’
530 4715 573 4768 die
587 4713 765 4768 llandschritt.
