3300 5342
315 452 391 523 210
864 484 945 540 rara.

313 629 504 703 erwachsse,
527 650 614 694 wann
636 630 733 695 soliolr
756 630 859 695 wurde
881 631 978 718 Khey.
1003 631 1055 695 llt.
1074 635 1156 696 vassi
1170 629 1266 693 wider
1282 631 1366 703 sein3
1395 628 1495 692 mccht

313 738 389 802 auch
405 739 450 802 nit
464 737 553 802 allain
571 739 665 811 Euch,
683 739 756 827 (Βὶ.
775 740 898 824 162⁶.)
910 740 1042 805 sonnder
1054 741 1109 805 der
1120 744 1269 823 ganntaen
1281 736 1496 803 Lanndschatil

312 867 351 911 nu
365 846 530 934 schymlapl
546 847 625 912 nnnd
649 849 778 913 nachtail
802 850 936 913 raiclnen.
972 849 1037 914 llud
1059 849 1164 912 hiemit
1187 848 1245 913 wel
1269 849 1324 910 wir
1348 846 1426 912 auclr
1448 845 1496 910 ain

313 954 488 1031 schreiben,
513 978 547 1021 so
564 978 638 1022 anns
655 959 686 1022 in
701 957 876 1046 suuderlrait
891 958 963 1022 herr
979 957 1140 1041 Sigmundt
1150 979 1208 1022 ron
1225 956 1420 1021 Herberstaia
1436 954 1495 1019 rad

312 1065 411 1131 Hanns
424 1067 559 1131 Hoffman
575 1069 697 1150 gethan,
713 1068 918 1133 verandtwurt
932 1067 990 1132 und
1007 1067 1140 1150 gemaint
1156 1066 1264 1131 haban.
1294 1066 1419 1130 Wolten
1441 1064 1497 1128 wir

312 1172 396 1238 linoln
412 1172 580 1258 genedigar
594 1178 674 1242 rand
689 1177 898 1242 lreundlichcr
913 1196 1063 1263 maynnng
1080 1177 1124 1240 nit
1138 1170 1303 1241 rerhalten'.
1335 1175 1442 1238 Datum
1459 1194 1497 1238 nu

311 1283 403 1349 Molin
419 1284 457 1347 de
472 1284 544 1370 Ray,
560 1307 607 1350 am
623 1286 655 1355 t.
670 1296 723 1369 tag
736 1285 926 1361 Nouembris,
943 1290 1026 1351 Anno
1043 1289 1102 1348 etc.
1119 1287 1158 1349 im
1175 1288 1228 1359 19,
1245 1285 1294 1349 die
1306 1283 1378 1348 Erat
1392 1282 1496 1347 atnndt

311 1393 343 1457 in
359 1393 414 1459 der
430 1393 537 1459 Nacht.

958 1503 993 1567 H.
1009 1503 1048 1568 ll.
1067 1524 1103 1569 aa
1119 1501 1336 1586 Brandenhurg
1349 1508 1409 1568 etc.

401 1613 467 1677 lien
484 1612 578 1676 Edlen
596 1613 675 1679 nand
687 1613 843 1687 llrsamen,
856 1632 987 1678 vonsero
998 1611 1109 1685 liabeo,
1122 1610 1290 1676 besondern
1302 1612 1339 1675 N.
1353 1611 1433 1677 nand
1446 1610 1496 1683 N,

311 1719 371 1785 den
387 1720 601 1787 Gesanndthen
618 1742 664 1787 aw
679 1723 733 1787 Ro.
750 1723 846 1807 Khey.
864 1721 916 1786 lit.
934 1726 993 1788 etc.
1016 1742 1074 1785 von
1095 1720 1174 1785 deun
1197 1719 1496 1786 Niderdaterreichi·

310 1832 406 1896 schen
422 1830 564 1897 Lannden
581 1832 759 1897 samentliclr
776 1831 856 1897 rnnd
872 1829 1076 1897 sonnderlicln.

401 2050 476 2133 (Βὶ.
496 2046 615 2133 162⁶.)
638 2051 778 2116 [lactoris
801 2050 921 2114 ldartini
945 2047 1144 2133 'l’ransyluani
1167 2047 1270 2114 Oratio
1293 2048 1331 2113 ad
1356 2047 1497 2112 Carolum

311 2158 518 2242 Hispaniarum
542 2164 573 2224 et
593 2159 721 2225 electum
743 2161 941 2225 Romanorum
963 2158 1092 2241 Regem,
1116 2159 1246 2223 futurum
1270 2157 1497 2243 imperatorem,

310 2267 507 2334 Barchinone.
526 2267 623 2333 atra.

403 2378 552 2455 ,Primum
564 2378 702 2450 omnium,
713 2377 919 2443 lllustrissime
930 2379 1084 2463 Princeps,
1094 2377 1367 2461 acllagniliceller
1378 2374 1497 2449 carole,

311 2485 488 2553 Prouincias
503 2488 651 2561 Ananiae,
669 2488 799 2574 styriae,
813 2487 987 2553 Corinthiae
999 2493 1030 2552 et
1041 2485 1340 2573 Caruiolae,quarum
1353 2508 1406 2552 nos
1419 2486 1499 2551 Ora·

309 2602 392 2681 tores
416 2598 454 2662 ad
477 2604 555 2663 tuam
579 2597 768 2682 Majestatem
792 2600 927 2682 agimus,
953 2598 1078 2663 salntem
1095 2604 1199 2683 optant
1215 2599 1424 2683 sempiternam
1440 2596 1496 2662 tilri

308 2709 438 2794 tuisque,
454 2715 593 2795 tanquam
615 2709 833 2791 gloriosissimo
850 2707 1059 2794 Hispaniarum
1075 2715 1106 2774 et
1117 2710 1269 2794 Neapolis,
1285 2716 1346 2773 tum
1358 2714 1389 2774 et
1400 2707 1494 2773 Jeru-

308 2818 403 2883 salem
424 2824 456 2883 et
478 2818 602 2882 Siciliae
626 2819 781 2903 utriusque
802 2817 893 2901 Regi,
918 2819 1053 2904 [lucique
1075 2819 1265 2902 Burgundiae
1285 2840 1322 2885 ac
1344 2819 1493 2890 Ananiae,

308 2927 493 3000 felicissimo,
510 2926 719 3000 inuictissimo,
736 2926 895 2992 offerentes
911 2948 946 2991 se
961 2927 991 2989 in
1007 2931 1077 2991 tuae
1092 2928 1257 3013 majestatis
1273 2929 1356 2992 iussa
1372 2948 1495 3012 promp-

307 3038 451 3102 tissimos.
475 3038 572 3122 Atque
596 3038 706 3101 utinam
726 3037 757 3101 in
778 3036 893 3101 honore
917 3037 966 3124 (t)
990 3058 1092 3101 rerum
1112 3042 1191 3103 statu
1215 3043 1265 3101 tua
1295 3037 1493 3102 Sanctissima

310 3145 452 3229 llajsstas
469 3144 555 3209 nobis
571 3143 707 3209 adeunda
723 3144 829 3216 luerit,
846 3150 949 3208 nostra
965 3144 1074 3218 studia,
1091 3166 1192 3230 opera,
1211 3144 1310 3210 officia
1327 3145 1492 3219 offerenda,

308 3256 456 3340 animique
473 3256 583 3326 nostri,
599 3258 660 3317 tum
676 3254 706 3316 in
723 3254 830 3317 Diuum
845 3253 1093 3329 Maximilianum,
1110 3255 1251 3338 optimum
1267 3254 1491 3338 imperatorem,

307 3370 370 3430 tum
392 3365 423 3428 in
444 3368 523 3428 tuam
539 3363 772 3428 sacratissimam
788 3362 973 3427 Maiestatem
999 3365 1076 3448 (ΒΖ.
1096 3365 1219 3448 163“.)
1241 3364 1429 3435 declarandi,
1456 3381 1493 3427 ac

309 3495 368 3539 non
390 3479 483 3547 tanto,
499 3480 559 3538 tarn
577 3476 722 3537 communi
745 3474 875 3537 omnium
898 3473 990 3539 luctu.
1017 3474 1112 3557 Quem
1137 3474 1164 3538 si
1190 3481 1272 3547 atre,
1294 3477 1320 3539 si
1347 3473 1491 3557 lugubres

308 3591 425 3658 nastes,
447 3591 574 3671 quantus
596 3584 724 3647 omnium
746 3586 871 3667 pectore
899 3588 1062 3668 conceptus
1079 3588 1128 3648 est
1142 3586 1216 3648 satis
1233 3586 1337 3649 testari
1353 3589 1491 3668 possent,

234 3762 238 3771 ,
308 3697 456 3758 neminem
471 3695 600 3757 futrrrum
615 3692 809 3765 crediderim,
832 3693 881 3776 qui
898 3694 952 3755 hos
968 3698 1088 3758 nosnos
1105 3693 1222 3758 hanins
1237 3698 1287 3760 aot
1302 3695 1417 3764 mirari,
1441 3699 1492 3757 aut

308 3803 409 3868 ridere
425 3804 505 3867 velit.
532 3801 776 3885 Quandoquidem
792 3802 893 3864 sciunt
908 3809 989 3866 tuam
1004 3801 1194 3884 ldajestatem
1210 3824 1268 3867 non
1283 3803 1396 3875 latere,
1413 3822 1490 3886 que·

307 3912 495 3978 madmodum
509 3910 598 3996 paulo
611 3916 696 3975 antea
709 3910 912 3997 magnanimus
924 3911 1090 3996 imperator
1102 3912 1491 3997 Maximilianns„l‘rinceps

306 4025 436 4110 optimus
452 4028 484 4086 et
498 4020 776 4092 uictoriosissimus,
792 4020 891 4105 deque
906 4020 1070 4105 Republica
1087 4021 1256 4087 Christiana
1271 4042 1385 4087 summe
1395 4024 1490 4088 meri·

306 4141 366 4208 tos,
382 4139 452 4198 tuae
468 4129 632 4194 Maiestatis
647 4128 809 4213 fratrisque
822 4128 1003 4194 Fordinandi
1016 4131 1164 4215 Principis
1176 4130 1372 4197 illustrissimi
1385 4138 1489 4217 pater-

307 4265 363 4309 nus
380 4262 468 4314 auus,
484 4241 572 4304 immo
588 4258 660 4301 vero
677 4241 708 4300 et
724 4256 852 4320 pareas,
874 4240 915 4301 ita
931 4239 1005 4312 deo,
1028 4241 1112 4305 cuius
1129 4246 1250 4305 secreta
1267 4249 1337 4305 sunt
1353 4240 1489 4312 consilia,

308 4352 487 4422 destinante,
505 4368 541 4412 en
556 4345 691 4433 humanis
708 4345 838 4409 cesserit
855 4350 886 4409 et
902 4345 962 4410 lato
978 4348 1113 4431 paruerit
1128 4368 1200 4422 suo,
1223 4349 1303 4433 quod
1326 4369 1391 4414 cum
1415 4351 1490 4414 aliae

306 4464 430 4528 Romani
445 4458 566 4545 lmperii
582 4455 726 4522 Civitates
739 4455 815 4538 juge
831 4455 951 4530 dolere,
977 4464 1007 4521 et
1029 4455 1190 4542 lachrymis
1206 4460 1331 4525 necdum
1347 4459 1488 4524 desinen-

306 4575 387 4640 tibus
395 4573 534 4643 delleant,
547 4571 611 4634 suis
620 4565 852 4653 prouincialibus
864 4569 1175 4643 maximedetlendum,
1186 4589 1273 4635 nemo
1282 4571 1359 4655 (131.
1368 4566 1488 4654 163⁵.)

307 4690 365 4760 est,
382 4686 432 4769 qui
449 4704 508 4748 non
520 4679 600 4745 sacili
614 4679 786 4745 coniectura
799 4672 960 4761 intelligat,
976 4676 1075 4744 Crede
1090 4679 1194 4762 igitur,
1206 4679 1350 4765 Princeps
1365 4683 1490 4746 maxime
