3300 5342
300 517 324 587 4
850 546 930 603 snm.

298 692 338 776 xj.
356 692 385 756 d.
423 692 499 757 llem
514 693 620 758 eodem
637 694 686 759 die
704 696 723 760 3
740 695 780 759 sa.
799 695 828 759 d.
847 715 863 760 a
886 693 1012 782 quodam
1034 672 1138 777 egidio
1154 693 1260 770 bundt,
1284 693 1487 780 stipendiario.

297 802 373 866 ltem
400 802 431 865 in
457 803 508 868 die
533 803 742 888 panthaleonis
764 825 853 870 anum
880 806 947 871 flor.
971 804 1175 889 vagariealen
1201 804 1237 869 de
1272 804 1432 870 castellano
1456 805 1488 868 in

156 927 196 973 aa.
208 927 252 985 jur.
297 909 447 998 polatlyesz
460 909 633 977 milbamer.
664 912 738 977 ltem
752 912 896 978 hactenus
912 914 943 977 in
958 914 1072 978 minuta
1087 915 1215 999 pecunia
1232 916 1253 980 7
1269 914 1309 978 la.
1327 912 1367 986 d.‚
1384 916 1488 997 preter

298 1020 372 1086 2d.
412 1020 505 1085 ltem
543 1024 580 1088 in
620 1021 770 1106 Vigilia
808 1024 974 1089 stellani
1013 1023 1335 1110 prothomartiris
1366 1022 1487 1086 lstius

175 1131 429 1209 1.aug.nostre
473 1133 656 1197 ciuitatis
698 1132 948 1208 biennensis,
995 1134 1153 1220 patroni
1187 1133 1332 1217 eximii,
1374 1131 1486 1196 Vnum

295 1241 504 1326 plaustrum
538 1243 774 1325 lignoruma
810 1245 1001 1310 carnifice
1031 1243 1251 1311 Scbonher.
1287 1242 1483 1308 Hactenus

295 1349 503 1418 inminuta
526 1352 696 1437 pecunia
719 1353 764 1436 vj.
789 1352 836 1417 la.
863 1353 914 1417 13.
931 1353 962 1418 d.

384 1462 505 1527 Summa
526 1461 562 1526 ll
581 1462 646 1527 tlor.
663 1481 768 1546 angar.
785 1463 805 1527 3
822 1463 890 1529 flor,
906 1462 1048 1527 renenses
1061 1460 1118 1550 33
1130 1463 1161 1527 d.
1181 1462 1265 1527 Deus
1281 1462 1358 1528 bene
1374 1464 1485 1526 vertat.

382 1791 455 1856 Item
476 1793 507 1856 in
533 1792 632 1875 uigilia
657 1791 787 1874 gloriose
815 1791 943 1874 virginis
966 1791 1060 1856 marie
1080 1790 1284 1877 assumptionis
1310 1810 1399 1855 vnum
1415 1791 1483 1857 lior.

158 1911 194 1959 11.
211 1926 265 1974 aar·
293 1919 398 1983 angar.
416 1922 484 1966 cum
500 1920 556 1966 vno
572 1902 639 1985 pari
655 1902 855 1967 cirotecarum
872 1904 1079 1966 contextarum
1102 1898 1291 1965 subtilissime
1313 1922 1331 1965 a
1355 1898 1484 1987 quodam

294 2012 419 2096 egregio
447 2013 527 2091 viro,
551 2011 691 2095 magistro
712 2016 800 2096 petro
823 2011 986 2094 Hanitlogll
1003 2010 1042 2075 de
1057 2009 1169 2075 awctll.
1204 2011 1278 2075 ltem
1294 2008 1441 2076 hactenus
1453 2009 1484 2073 in

292 2122 405 2187 minuta
420 2120 666 2207 pecunia13.la.
684 2120 714 2184 d.
748 2119 821 2185 ltem
837 2121 984 2185 hactenus
995 2120 1085 2208 usque
1102 2119 1140 2185 ad
1155 2121 1261 2186 seriam
1273 2121 1404 2207 quintam
1415 2123 1485 2184 ante

155 2240 194 2288 2¹·
210 2256 263 2303 sug.
291 2231 501 2306 bartholomei,
513 2232 596 2296 —in
609 2252 666 2319 qua
678 2230 797 2316 quidem
809 2231 884 2296 seria
896 2232 999 2315 quinta
1011 2233 1137 2317 primam
1147 2251 1243 2296 meam
1255 2230 1483 2316 disputationem

293 2342 473 2407 ordinariam
484 2343 514 2405 in
530 2341 680 2407 medicina
696 2340 767 2414 leci,
780 2379 824 2391 -
837 2343 941 2427 recepi
957 2343 976 2406 o
993 2342 1034 2405 sa.
1051 2340 1081 2404 d.
1098 2324 1184 2407 e't17
1197 2340 1227 2404 d.
1250 2340 1325 2404 ltem
1337 2338 1483 2403 hactenus

292 2451 383 2538 usque
405 2452 443 2516 ad
464 2451 545 2516 diem
566 2451 754 2516 exaltationis
778 2451 878 2516 sancto
895 2452 996 2516 crucis
1013 2471 1072 2515 non
1087 2450 1154 2536 plus
1171 2470 1258 2535 quarn
1275 2469 1361 2515 anam
1377 2447 1484 2512 libram

156 2570 193 2617 11·
209 2575 271 2629 repe
292 2560 322 2625 d.
339 2566 370 2626 et
386 2561 429 2626 12
445 2561 474 2626 d.
491 2565 522 2625 et
538 2580 626 2626 vnum
642 2545 781 2644 magnum
797 2580 905 2645 panem
920 2559 1138 2643 similagineum
1161 2580 1177 2624 a
1199 2557 1325 2645 quadam
1349 2556 1482 2643 pilulae,

291 2691 379 2755 quem
395 2690 502 2756 panem
517 2669 586 2735 ideo
602 2670 651 2734 bic
666 2670 765 2755 posui,
788 2670 857 2756 quia
879 2673 950 2734 lunc
973 2670 1061 2757 panis
1076 2669 1186 2735 biennc
1203 2668 1302 2734 carior
1318 2665 1404 2731 nobil
1416 2674 1483 2732 erat

291 2801 377 2868 quam
399 2781 543 2865 pecunia,
564 2786 691 2865 propter
713 2780 895 2845 obsidionem
919 2779 1051 2846 ciuitatis
1062 2778 1238 2852 biennensis,
1255 2778 1482 2862 incipientema

290 2890 393 2975 vigilia
409 2889 611 2975 assumptionis
633 2890 728 2954 marie
764 2887 851 2973 (14.
868 2891 1025 2975 coquat),
1050 2894 1081 2954 et
1108 2887 1312 2954 confirmatam
1335 2883 1480 2972 postridie

289 3000 488 3066 bartholomei
505 3003 522 3084 ζ
526 2998 587 3064 25.
605 3000 759 3084 aequat),
776 3020 831 3084 per
848 2998 1042 3065 lucrationem
1058 2998 1159 3085 pontis
1170 2996 1261 3063 medii
1276 2998 1307 3060 in
1323 2996 1447 3068 bardea,
1464 3016 1481 3059 a

290 3132 365 3196 rege
388 3110 520 3193 Vngarie
543 3109 663 3174 mathia.
697 3110 791 3192 Quam
813 3110 934 3195 quidem
956 3110 1137 3176 obsidionem
1159 3107 1299 3193 quamdiu
1326 3108 1481 3193 paciemur

291 3220 367 3285 deus
383 3220 480 3285 nouit!
503 3219 577 3283 ltem
601 3218 747 3284 hactenus
764 3218 857 3304 usque
881 3219 919 3284 ad
934 3219 1045 3283 mathei
1061 3220 1109 3283 sex
1126 3216 1235 3282 solidos
1252 3216 1281 3281 d.
1291 3237 1301 3288 ;
1322 3219 1392 3280 item
1409 3214 1485 3279 duos

185 3353 262 3387 .su.
290 3330 416 3413 magnos
433 3349 526 3414 panes
553 3326 723 3411 srligineos:
748 3330 820 3405 item
849 3333 917 3393 octo
945 3328 1100 3394 denariata
1127 3327 1328 3409 similaginea,
1353 3344 1481 3411 quorum

291 3439 446 3527 quodlibet
476 3438 582 3503 decem
609 3435 739 3502 habebat
765 3437 897 3513 latonas,
925 3459 943 3502 a
970 3438 1098 3522 quodam
1130 3437 1268 3519 magistro
1301 3435 1481 3518 sigismundo

290 3548 444 3614 Froschell
462 3569 498 3613 ex
514 3549 612 3631 grain,
630 3549 820 3632 cooperatori
837 3547 875 3612 ad
891 3549 1022 3613 sanctum
1035 3547 1195 3625 mihaclem
1210 3546 1330 3612 bienna.
1348 3546 1481 3628 Quorum

290 3668 433 3744 quatuor,
455 3657 524 3722 dum
539 3657 676 3720 misissem
692 3676 837 3740 germano
858 3676 942 3731 meo,
965 3660 1109 3740 magistro
1126 3656 1331 3721 bartholomeo
1348 3655 1480 3720 Tiobtell

290 3789 326 3833 ex
341 3769 439 3850 grain,
455 3767 610 3849 theologie
626 3767 795 3842 licenciam,
813 3766 935 3851 collegij
953 3767 1068 3833 ducalis
1085 3746 1191 3831 lenidri
1205 3766 1377 3849 collegiato,
1389 3764 1479 3847 hujus

290 3878 367 3943 alme
382 3882 484 3942 nostre
496 3876 695 3941 uniuersitatis
706 3876 841 3950 Rectori,
853 3897 911 3962 per
922 3876 1070 3961 quendam
1082 3875 1221 3939 samulum
1231 3893 1330 3940 meum
1341 3874 1480 3938 ioannem

290 3988 408 4053 Andree
425 4006 462 4052 ex
477 3987 576 4068 grain,
594 3985 652 4051 sibi
667 3987 699 4049 in
715 3987 763 4052 via
779 3990 849 4049 sunt
864 3987 984 4070 recepti
992 4007 1047 4072 per
1060 3984 1265 4070 stipendiatus.
1299 3984 1373 4048 ltem
1391 4003 1479 4047 unam

292 4102 426 4185 quartam
453 4096 521 4161 alne
548 4096 610 4169 lini,
633 4094 744 4160 coloris
767 4094 881 4180 lazurej
903 4114 958 4181 pro
983 4095 1129 4161 femorali.
1154 4093 1305 4159 Hactenus
1326 4093 1418 4177 usque
1442 4092 1479 4157 ad

291 4208 395 4274 saltum
407 4207 584 4279 sanctorum,
594 4211 624 4270 et
635 4207 789 4270 martirum
803 4211 834 4270 et
845 4206 1039 4279 medicorum,
1054 4205 1152 4271 cosme
1165 4210 1196 4270 et
1209 4204 1348 4277 damiani,
1362 4204 1382 4266 5
1395 4202 1434 4267 sa.
1448 4202 1478 4267 d.

151 4325 190 4371 ²⁷-
207 4326 268 4382 seat·
291 4316 441 4381 Hactenus
464 4315 614 4401 usquead
637 4315 788 4381 Francisci
809 4314 832 4380 4
852 4315 892 4379 sa.
917 4317 960 4381 23
977 4316 1006 4380 d.
1031 4320 1062 4380 ct
1101 4316 1259 4400 propinam
1290 4313 1329 4378 dc
1359 4312 1477 4387 scrofis,

169 4434 192 4481 ⁴·
209 4438 257 4481 oct·
291 4448 358 4492 cum
374 4426 501 4510 quodam
517 4445 595 4509 pane
610 4424 794 4509 similaginec
810 4425 912 4491 valore
928 4424 1033 4489 decem
1044 4423 1073 4488 d.
1102 4422 1176 4487 Item
1192 4422 1338 4487 hactenus
1354 4426 1482 4508 quatuor

289 4537 329 4600 sz.
347 4537 376 4600 d.
394 4535 484 4620 usque
501 4535 677 4607 colomanni,
696 4534 794 4599 nostre
808 4534 937 4599 nationis
948 4535 1076 4620 patroni,
1094 4538 1124 4597 et
1140 4533 1183 4599 30
1194 4533 1334 4597 Auiculas
1350 4552 1387 4596 ex
1402 4553 1478 4597 noua

153 4652 258 4703 13111.
291 4644 430 4715 ciuitate,
453 4641 589 4728 putridas
612 4649 729 4717 tamen,
746 4650 873 4728 propter
896 4644 997 4708 nuncii
1021 4643 1194 4709 tarditatem
1210 4663 1250 4707 ex
1262 4661 1342 4707 noua
1357 4642 1479 4706 civitate

152 4762 191 4809 18·
208 4765 257 4808 oet·
291 4754 359 4819 buc.
410 4753 484 4817 ltem
515 4752 667 4836 usquead
694 4752 779 4827 luce,
812 4753 938 4827 medici,
972 4754 992 4817 li
1019 4753 1059 4817 sa.
1091 4753 1121 4816 d.
1168 4752 1242 4817 ltem
1275 4751 1351 4817 duos
1370 4751 1484 4816 cuneos
