3300 5342
720 561 923 619 rmoecuoo.
1350 538 1395 610 51

213 708 285 770 milri
302 708 400 773 adhuc
417 708 578 791 obligatur,
595 714 627 772 ut
642 710 734 773 hebet
748 709 798 773 lua
815 712 988 794 recognicio
1011 711 1048 797 ¹).
1095 711 1167 777 ltem
1184 712 1257 778 alins
1274 718 1402 799 quotuor

213 814 306 880 libras
323 816 352 880 d.
388 817 503 890 Honor,
527 816 592 881 lans
609 822 640 882 et
654 816 825 900 graciarum
841 821 920 884 uctio
935 819 989 884 tibi
1004 820 1040 884 srt
1054 820 1136 886 ihesu
1153 821 1273 887 christe.
1297 823 1401 888 limen.

213 924 328 990 Finitus
344 932 391 990 est
406 945 481 1009 ergo
498 927 599 991 Annus
617 927 790 992 doctoratus
806 930 865 994 mei
881 929 1076 996 tredecimus.
1106 930 1216 1017 Incipit
1236 932 1268 997 in
1284 932 1403 996 nomine

214 1034 306 1106 ihesu.
323 1034 486 1110 benedicti.
510 1035 582 1099 lllC.
600 1036 729 1123 (qr-rin)
745 1037 775 1100 in
791 1041 939 1102 eternum.
962 1040 1064 1102 Amen.
1082 1059 1176 1104 onnus
1194 1038 1246 1105 14.
1278 1041 1334 1113 Tu.
1350 1041 1402 1126 qni

215 1163 259 1217 es,
276 1148 309 1207 ut
325 1142 447 1218 dixisti,
464 1143 552 1229 alpha
569 1149 600 1208 et
616 1164 649 1219 o,
674 1142 753 1208 bene
767 1147 896 1209 termine
912 1150 942 1210 ei
957 1145 1036 1209 bene
1051 1146 1152 1232 incipe
1166 1147 1198 1211 in
1213 1148 1257 1211 tei
1274 1148 1401 1212 nominis

212 1251 336 1334 gloriam
352 1252 467 1317 Annum
482 1251 666 1336 sequentem.
690 1244 795 1316 limen.
819 1252 968 1318 Hactenus
990 1254 1021 1318 in
1044 1256 1179 1339 practico
1197 1255 1292 1321 Vnum
1308 1256 1402 1320 tiore·

212 1380 280 1425 num
297 1358 500 1442 mgsricelem
517 1381 533 1424 a
548 1359 720 1426 itedelmeir
735 1366 767 1425 et
782 1361 857 1426 duas
874 1362 966 1427 libras
982 1362 1012 1426 d.
1035 1361 1117 1427 Laus
1129 1383 1223 1448 puero
1235 1363 1329 1439 ihesu,
1342 1364 1401 1430 ium

211 1474 292 1533 neto.
340 1469 413 1534 ltem
431 1466 580 1534 Valentini
595 1468 636 1535 ¹2
652 1468 692 1534 iz.
710 1468 751 1543 d.,'
768 1472 796 1534 xi
813 1471 844 1535 d.
867 1470 1039 1538 llonortilri
1055 1472 1091 1537 lit
1106 1471 1199 1537 ihelu.
1230 1473 1400 1559 inidipsum.
1418 1496 1457 1545 2⁵.
1475 1500 1525 1546 sse.

211 1578 284 1641 ltem
306 1579 335 1641 xi
356 1577 490 1662 lanuarij
511 1596 600 1643 mum
622 1578 768 1643 florenum
789 1577 943 1642 renenlem
968 1601 1025 1665 pro
1047 1600 1124 1646 nouo
1147 1582 1231 1646 Anno
1247 1602 1283 1647 ex
1298 1602 1401 1647 monu-
1482 1624 1550 1671 1490·

211 1687 299 1751 iterio
312 1684 345 1750 S.
358 1686 514 1758 dorothee,
529 1693 561 1751 et
578 1707 634 1772 por
649 1686 849 1759 cultellorum,
865 1692 896 1752 et
912 1687 1066 1770 affuturos,
1083 1694 1114 1754 et
1129 1689 1285 1756 lurcimius
1301 1694 1397 1776 porci.
1435 1716 1456 1761 r.
1473 1718 1497 1760 et
1516 1715 1551 1761 rr.
1565 1714 1615 1774 san.

212 1794 286 1858 ltem
301 1815 391 1859 rnum
405 1794 550 1860 florenum
566 1795 772 1881 ungericnlem
788 1817 825 1861 ex
841 1796 1021 1862 liedelmnir.
1053 1796 1134 1863 Alios
1155 1802 1218 1863 tres
1240 1799 1333 1864 librns
1357 1799 1400 1882 (1.,

210 1904 254 1967 cc
270 1902 299 1966 d.
329 1903 510 1969 Benedictus
533 1884 770 1977 decederem
793 1905 959 1991 intemplo.
989 1907 1093 1971 Amen.
1128 1909 1246 1972 Antonii
1268 1910 1400 1993 quinque
1419 1931 1455 1976 rr.
1468 1930 1519 1989 jen.

209 2011 302 2076 libras
318 2012 347 2077 d.
372 2013 452 2078 Laus
469 2012 590 2079 christo.
636 2012 710 2078 ltem
733 2014 869 2098 sequenti
893 2013 995 2080 lancie
1015 2016 1112 2100 prisce
1135 2036 1222 2081 vnum
1244 2014 1351 2081 librom
1368 2017 1398 2081 d.
1419 2038 1518 2097 osne

209 2119 312 2185 Gloria
329 2119 477 2186 ultiilimo.
501 2120 544 2185 llo
560 2121 611 2186 die
626 2120 766 2205 magister
780 2121 889 2187 miluoel
907 2123 1102 2198 determinat,
1125 2143 1185 2206 ego
1207 2145 1281 2201 uero
1302 2125 1344 2190 iui
1361 2126 1398 2192 od

208 2228 405 2313 neoburgum,
422 2229 460 2295 nd
475 2228 614 2294 llendlin.
661 2230 735 2294 ltem
749 2229 830 2315 pauli
846 2251 934 2296 vnum
951 2231 1096 2296 florenum
1118 2232 1342 2315 mgorioslom
1368 2238 1400 2296 et
1417 2254 1456 2301 rt.
1469 2254 1519 2313 jen.

208 2344 272 2403 tres
289 2336 383 2403 libres
400 2337 441 2411 (1.,
459 2337 503 2404 34
519 2338 548 2403 (1.
572 2339 654 2403 Laus
671 2338 757 2403 enixe
773 2338 828 2422 tilij
845 2340 939 2412 ihesu,
963 2341 1014 2426 qni
1029 2339 1066 2405 lit
1080 2340 1270 2407 benedictus.
1294 2343 1397 2407 limen.

209 2447 282 2510 ltem
298 2444 434 2533 sequenti
449 2450 519 2532 post
534 2448 631 2531 pauli,
655 2447 706 2532 qui
721 2447 778 2511 iuit
793 2446 1017 2513 Anniuerinrius
1033 2450 1227 2534 recepcionis
1241 2450 1398 2532 inlignlum
1418 2471 1458 2519 2⁸.
1470 2470 1521 2529 jen.

208 2555 409 2621 doctoralium
438 2557 469 2619 in
500 2555 650 2621 medicine
672 2556 806 2621 doctoris
827 2556 967 2622 iohannis
989 2578 1131 2631 neumam,
1158 2560 1262 2644 recepi
1288 2558 1401 2624 veliem

210 2664 334 2731 rubeam
350 2665 389 2729 de
405 2664 568 2731 icharloco.
593 2664 777 2729 Benedictus
793 2664 878 2731 deus.
895 2665 1001 2751 quue
1012 2666 1063 2735 die
1075 2686 1195 2753 quoque
1206 2668 1266 2733 ieci
1281 2672 1402 2753 pactum

212 2775 381 2858 provincis
397 2774 713 2857 Liechteletgrebel,
731 2794 786 2859 pro
814 2776 961 2840 trecentis
983 2774 1069 2840 libris
1091 2777 1121 2841 d.
1156 2776 1183 2841 0
1206 2774 1285 2841 boue
1307 2777 1400 2853 ihelu,

210 2881 326 2947 felicita
352 2881 513 2948 secundum
535 2889 615 2946 tuam
639 2882 808 2948 immensam
835 2882 1084 2958 misericordium,
1117 2905 1172 2970 pro
1205 2887 1249 2950 tui
1274 2887 1401 2951 nominis

209 2990 318 3075 glorie.
341 2991 445 3055 limen.
492 2991 565 3055 ltem
581 2990 702 3056 inbntho
719 2995 790 3055 oute
804 2991 1028 3077 puriueacionis
1043 3012 1132 3058 vnum
1145 2994 1289 3059 florenum
1305 3014 1401 3078 unga·
1419 3014 1458 3061 eo.
1471 3014 1521 3072 jun.

211 3099 346 3173 ricelem,
362 3098 438 3164 duos
456 3100 586 3164 florenos
602 3099 756 3173 renenles,
772 3100 832 3165 due
847 3100 926 3164 libre
941 3101 982 3173 (1.,
1000 3100 1044 3166 28
1060 3102 1089 3166 (1.
1115 3100 1218 3166 Gloria
1233 3104 1266 3166 in
1277 3102 1402 3168 excellis

209 3207 278 3272 deo.
303 3208 406 3272 Amen.
452 3207 526 3271 ltem
546 3207 667 3273 sabatho
686 3214 756 3292 post
771 3209 996 3293 purilicncionis
1012 3230 1101 3274 mum
1115 3210 1260 3276 florenum
1276 3212 1401 3295 rugeri-
1434 3231 1532 3278 (1111.

214 3315 322 3390 celem,
338 3337 429 3380 vnum
443 3304 588 3382 florenum
604 3316 769 3391 renenlem,
786 3322 913 3402 quatuor
928 3317 1021 3383 libras
1037 3318 1068 3382 d.
1092 3319 1196 3384 Gloria
1211 3318 1279 3385 deo.
1326 3320 1400 3386 ltem

212 3425 334 3490 sabatho
350 3426 381 3490 iu
395 3425 528 3511 profesto
544 3426 695 3491 Valentini
710 3432 775 3491 tres
791 3429 920 3492 florenos
937 3428 1090 3504 renenlcs,
1106 3433 1232 3512 quatuor
1247 3429 1342 3496 libras
1359 3430 1399 3506 (1.,
1420 3447 1458 3492 (1.
1474 3448 1533 3494 reor.

209 3535 287 3600 41.
305 3535 349 3600 22
365 3536 394 3601 d.
419 3535 523 3601 Gloria
541 3535 609 3601 deo.
633 3537 736 3601 Amen.
768 3536 843 3601 ltem
858 3534 978 3617 lubntho
994 3542 1064 3602 ente
1079 3536 1227 3602 kathedre
1240 3540 1320 3624 petri
1336 3544 1399 3606 tres
1416 3556 1456 3603 2o.
1472 3555 1531 3603 reor.

207 3646 340 3710 florenos
364 3644 521 3718 renenies,
544 3647 675 3732 quinque
690 3643 784 3710 liloms
800 3645 830 3709 d.
855 3647 936 3711 Laus
958 3646 1025 3711 deo.
1049 3647 1151 3711 Amen.
1197 3645 1271 3712 ltem
1288 3647 1400 3716 dluthie
1417 3664 1455 3712 u.
1472 3665 1531 3712 reor.

210 3758 336 3838 quotuor
352 3754 481 3818 florenos
499 3752 650 3827 reneuies,
666 3757 731 3818 tres
745 3752 840 3818 libros
858 3753 887 3818 d.
903 3755 986 3819 Luus
1000 3754 1057 3819 tibi
1073 3754 1172 3819 dulcis
1185 3754 1277 3820 ihesu.
1295 3758 1397 3823 Amen.

209 3864 313 3926 limen.
349 3860 461 3943 Quarto
487 3863 562 3926 feria
593 3870 663 3947 post
689 3861 842 3928 lnrocauit
866 3862 1013 3927 Solarium
1042 3863 1166 3929 duarum
1192 3862 1332 3929 librarum
1359 3888 1397 3932 ex
1431 3881 1454 3927 ³.
1470 3884 1538 3928 meu.

207 3971 443 4054 (monaste)rio
467 3970 500 4034 S.
524 3970 679 4049 dorothee.
712 3970 795 4034 llliul
821 3969 899 4034 duos
935 3972 1065 4036 florenos
1087 3972 1245 4045 reneules,
1269 3979 1397 4060 quotuor

207 4079 302 4143 libras
318 4078 360 4152 (1.,
377 4078 398 4144 l
414 4079 453 4142 lc.
471 4078 676 4165 Omnipotenti
693 4079 797 4144 deolit
807 4079 904 4163 glorio
915 4080 947 4143 iu
960 4079 1068 4144 leculo.
1086 4081 1188 4144 Amen.
1207 4081 1294 4147 Oculi
1305 4103 1395 4148 unum
1414 4097 1534 4145 (1111.

206 4188 352 4251 florenum
369 4184 534 4257 renensem,
551 4192 677 4271 quatuor
693 4187 787 4252 libros
803 4187 833 4251 d.
857 4189 937 4254 Laus
954 4189 1020 4253 deo.
1052 4187 1133 4253 ltem'
1146 4188 1238 4274 ulque
1262 4191 1300 4255 od
1315 4194 1395 4277 (pr)

207 4299 295 4359 imam
311 4295 418 4379 liureij
433 4316 523 4361 vnum
538 4297 684 4361 florenum
695 4292 860 4371 r'eneniem,
872 4317 959 4360 vnum
972 4297 1185 4379 engericalem
1198 4300 1245 4362 lex
1258 4298 1350 4364 libres
1363 4300 1393 4366 d.
1428 4315 1450 4360 1.
1467 4317 1533 4361 merc

205 4402 248 4466 lio
267 4403 318 4468 die
335 4425 453 4490 quoque
469 4403 530 4469 ium
554 4405 724 4471 consessus.
759 4405 843 4468 Larus
866 4403 921 4469 tibi
948 4405 1031 4469 ihesu
1058 4405 1259 4471 dilectissime.
1288 4406 1392 4474 lmen.

206 4514 280 4577 ltem
297 4512 445 4578 dominica
461 4513 636 4599 pulmarum,
653 4520 722 4599 post
738 4512 894 4578 meridiem
911 4515 1028 4599 (dorla
1052 4517 1162 4602 quintu,
1187 4514 1318 4599 Vngarie
1339 4539 1392 4583 rex
1424 4532 1448 4579 4.
1464 4547 1513 4591 apr.

240 4745 269 4816 ¹)
288 4746 340 4801 ltus
353 4747 452 4802 heisst:
471 4747 529 4801 Wic
543 4749 638 4803 descen
651 4748 1257 4821 soleriitliclre'Schuld-Erkennunqvlirknnde
1269 4753 1359 4808 luctet.

1138 4840 1176 4893 μ
