3300 5342
771 519 851 577 roso.
1350 488 1400 561 53

214 684 363 769 respiciat.
388 685 455 751 Sibi
467 686 499 750 in
511 685 648 770 gloriam,
661 683 747 750 nobis
759 686 788 748 in
801 685 946 770 graciam.
963 685 1067 748 llmeu.
1084 685 1188 749 danen.
1205 682 1243 747 Et
1255 683 1285 746 in
1297 702 1405 768 pacem

215 794 411 881 temporalem
425 814 481 882 pro
498 800 570 859 nutu
592 794 641 859 dei
664 794 877 860 misericordis.
918 794 982 859 Deo
1006 792 1064 858 lint
1091 795 1197 877 gracie
1221 793 1405 858 immortales

216 924 271 989 pro
286 904 340 968 tali
355 923 475 986 magua,
491 923 559 990 ymo
575 907 701 968 maxima
716 905 839 986 gracia.
862 904 894 967 io
917 903 1008 969 terris
1034 902 1141 969 uostris
1166 922 1313 987 nunquam
1336 900 1406 967 uisa.

217 1014 321 1076 Amen.
338 1012 442 1075 Amen.
460 1011 524 1076 Sed
534 1013 603 1095 quia
614 1011 720 1096 populi
730 1011 873 1096 princeps
886 1009 931 1075 est
942 1011 979 1076 ad
989 1011 1093 1096 populi
1105 1010 1279 1084 bonitatem,
1297 1013 1408 1094 itaque,

217 1140 284 1184 cum
299 1118 451 1185 uniuersus
467 1119 594 1205 populus
609 1118 767 1185 mundatus
783 1121 895 1185 suisset
909 1120 939 1184 in
962 1119 1208 1205 quadragesima,
1236 1119 1356 1185 abstulit
1379 1119 1409 1181 in

219 1229 269 1293 die
284 1229 447 1313 palmarum
462 1247 567 1310 regem
583 1228 743 1302 mathiam,
764 1230 852 1293 cuius
875 1248 987 1312 corpus
1003 1234 1036 1294 et
1050 1228 1220 1312 animaque
1237 1226 1411 1313 pervenerit

218 1335 356 1402 nescitur.
381 1336 454 1400 Item
468 1335 626 1401 mundatus
639 1342 686 1400 est
701 1336 837 1401 secundo
852 1337 910 1401 boc
925 1342 1062 1422 temporo
1075 1336 1200 1418 jubileo.
1219 1336 1409 1420 Quapropter

221 1444 306 1510 dedit
333 1446 443 1530 populo
470 1445 543 1510 deus
571 1444 762 1528 omnipotens
783 1443 834 1509 sua
861 1445 966 1528 gracia
992 1443 1185 1518 iustissimum,
1213 1444 1411 1516 castissimum,

221 1553 463 1626 strenuissimum,
484 1552 734 1619 bellicosisfimum
749 1553 997 1625 blaximiliauum‚
1020 1552 1259 1627 Maximilianum,
1276 1552 1412 1616 Maximi·

220 1665 341 1745 sianum,
366 1660 496 1748 (dieser
512 1665 621 1728 Nam
637 1668 681 1728 ist
696 1664 823 1727 einmal
839 1666 999 1736 scdwarz,
1028 1665 1153 1727 oinmal
1168 1666 1240 1729 rotb
1255 1665 1325 1727 und
1341 1668 1413 1727 ein·

220 1775 291 1837 mal
299 1776 387 1855 proin
394 1772 627 1855 qescbrteoea·
637 1773 703 1837 duo
714 1773 852 1837 ndcbste
860 1773 933 1837 Mal
943 1773 1023 1835 aber
1035 1775 1182 1837 ocbaoorz
1190 1775 1253 1836 mit
1264 1773 1417 1836 nocdmas

225 1902 263 1946 so
278 1901 415 1964 promer
430 1879 582 1966 &brim
609 1880 851 1952 blasimiliannm,
867 1881 1067 1946 Romanorum
1081 1880 1194 1962 Regem
1210 1879 1413 1965 Vngarieque,

223 1991 359 2076 quamuis
380 1990 484 2063 insite,
507 1987 671 2053 secundum
694 1988 828 2053 eiusdem
851 1988 939 2072 regni
960 1987 1160 2073 insipientiam
1183 1990 1267 2073 (oon
1289 1991 1415 2055 Romo·

222 2122 343 2165 norum
358 2101 411 2163 bis
426 2101 538 2162 bieber
554 2101 631 2162 rotb
647 2098 863 2181 pescbricben
878 2099 949 2163 und
959 2103 1048 2181 proin
1060 2100 1340 2182 unterstricben).
1357 2098 1415 2163 Pro

223 2208 310 2274 cuius
326 2213 411 2292 parte
427 2212 491 2272 tota
514 2206 690 2272 uniuersitas
712 2204 890 2271 Viennensis
917 2206 1108 2272 concorditer
1130 2206 1293 2279 conclusit,
1318 2208 1415 2291 ipsum

223 2319 289 2381 iure
305 2317 418 2400 optimo
435 2316 549 2398 Regem
566 2336 635 2380 esse
662 2314 804 2398 Vugarie.
841 2314 899 2396 Qui
920 2316 1002 2379 misit
1021 2314 1089 2380 suos
1112 2319 1248 2380 oratores
1271 2314 1417 2380 decanum

223 2426 401 2491 brixiensem
423 2425 493 2514 (et)
521 2423 667 2489 Comitem
689 2423 728 2489 de
748 2422 895 2499 dobaldt,
917 2423 948 2487 in
970 2421 1074 2506 vigilia
1091 2424 1257 2508 'baureucij
1273 2423 1417 2489 Viennam
1452 2443 1474 2488 a.
1490 2456 1544 2502 sug.

224 2537 297 2600 bora
313 2540 421 2618 quarta
440 2536 604 2606 intrantes,
622 2533 671 2598 die
686 2532 848 2614 Laureucij
864 2533 938 2596 bora
955 2538 1060 2597 octaua
1076 2531 1219 2597 Viennam
1235 2532 1419 2618 postulantes
1438 2531 1475 2598 so.
1492 2564 1544 2612 sug.

224 2645 293 2726 regi
309 2643 520 2707 maximiliano.
544 2640 634 2707 Ciues
657 2661 728 2707 vero
750 2639 907 2726 presertim
934 2640 973 2705 de
995 2642 1179 2706 comunitate
1202 2641 1419 2714 deliberantes,

227 2750 436 2817 concluserunt
451 2751 676 2816 affirmatiuarn:
704 2749 804 2834 „quod
819 2747 932 2816 relleot
949 2749 1022 2813 bora
1039 2751 1166 2833 prima.“
1193 2749 1329 2814 Tandem
1346 2749 1419 2814 bora

227 2858 427 2924 tercia-dictis
439 2859 607 2926 oratoribus
624 2858 816 2924 concorditer
832 2857 951 2922 dicunt:
978 2856 1028 2933 „se
1043 2858 1122 2923 selle
1131 2858 1235 2940 jurare
1247 2858 1314 2941 regi
1325 2878 1421 2943 quao-

229 2969 387 3052 docunque
401 2971 553 3034 venerit.t
577 2966 666 3032 Venit
681 2972 781 3031 autem
800 2967 852 3032 ts.
869 2965 1010 3050 Augusti,
1033 2967 1064 3030 in
1079 2967 1129 3033 die
1146 2966 1252 3031 Sancti
1268 2966 1420 3040 ludowici,
1441 2986 1478 3032 aa.
1494 2998 1548 3045 mg.

233 3075 366 3142 ciuitatis
382 3092 496 3137 murum
512 3073 627 3137 intrans
642 3074 673 3137 in
689 3074 794 3139 occasu
809 3074 891 3146 solis,
914 3093 981 3138 cum
997 3081 1122 3161 quatuor
1138 3073 1257 3140 milibus
1272 3073 1422 3139 bominum

229 3182 390 3265 magnilica
407 3203 442 3246 ex
458 3201 533 3245 noua
549 3182 685 3247 ciuitate.
710 3183 744 3246 ln
760 3203 848 3267 quam
863 3181 1013 3263 ingressus
1030 3187 1078 3247 cst
1093 3183 1124 3247 iu
1141 3190 1246 3250 octaua
1264 3182 1422 3266 laurencii,
1442 3204 1478 3249 ra.
1495 3216 1549 3263 sug.

228 3290 302 3354 bora
320 3296 436 3375 quarta.
461 3289 646 3354 durauerant
660 3271 760 3354 autern
772 3287 957 3354 Viennenses
974 3290 1085 3355 nedum
1097 3290 1308 3363 blaximiliano,
1324 3288 1374 3354 sed
1392 3295 1423 3353 ct

229 3399 405 3483 Imperatori
421 3398 566 3464 friderico
588 3397 779 3463 serenissimo.
809 3400 884 3483 (An
906 3401 973 3464 den
989 3400 1094 3465 Rond
1115 3402 1174 3464 des
1190 3401 1324 3476 Blattcs
1339 3400 1422 3464 tiber

229 3529 311 3592 puer
325 3508 562 3591 gescbrieben:
577 3506 684 3572 Jomnt
699 3510 730 3571 in
745 3507 850 3590 uigilia
866 3507 1084 3581 Bartholomei,
1110 3508 1236 3589 terciolo
1252 3513 1321 3594 post
1336 3512 1421 3572 octa·
1439 3529 1478 3577 aa.
1495 3542 1550 3590 sug.

233 3637 298 3682 uam
315 3636 411 3689 mane,
428 3613 640 3703 Viennenses.)
664 3617 723 3680 Arx
739 3636 811 3683 vero
828 3617 952 3699 rogaris
968 3620 1081 3682 munita
1097 3617 1206 3682 renuit.
1233 3617 1422 3702 Quapropter
1484 3622 1487 3628 '

229 3724 444 3790 maximilianus
456 3724 603 3789 machinis
615 3724 744 3800 bellicis,
756 3725 896 3790 mirabile
907 3726 1000 3802 dictu,
1012 3727 1045 3790 in
1057 3724 1100 3791 24
1112 3728 1195 3792 boris
1207 3728 1248 3789 ita
1261 3725 1421 3790 demolitus

230 3839 287 3906 est,
310 3838 343 3896 ut
364 3832 474 3898 sturme
500 3832 537 3898 sn
559 3837 729 3919 preparata.
764 3833 940 3918 Incipieudo
956 3833 1106 3898 dominica
1134 3841 1203 3899 ante
1230 3833 1328 3916 Egidi,
1352 3839 1422 3917 post
1440 3855 1479 3902 aa.
1496 3867 1549 3916 aug.

228 3940 369 4027 vesperas
386 3941 462 4007 bora
476 3942 568 4014 sexta,
585 3947 618 4007 et
633 3961 700 4006 oum
715 3940 825 4007 sturme
843 3943 873 4007 se
889 3942 1012 4008 sudeam
1028 3942 1172 4008 militibus
1179 3948 1312 4029 pararet,
1329 3942 1423 4007 dede·

229 4056 300 4115 runt
315 4049 345 4114 se
360 4049 476 4133 Vagari
490 4052 520 4116 io
536 4052 614 4116 suam
630 4053 774 4135 graciam,
791 4058 910 4118 centum
927 4056 960 4118 et
982 4052 1036 4125 24,
1060 4052 1135 4136 quos
1158 4053 1188 4115 iu
1212 4051 1315 4135 vigilia
1333 4050 1421 4133 Egidi
1441 4072 1480 4118 or.
1497 4084 1551 4130 mg.

230 4161 260 4223 io
276 4160 382 4225 turrim
401 4161 703 4233 „cherbertbuernu“
714 4161 825 4246 deponi
841 4159 932 4234 iussit,
949 4161 1023 4226 bora
1039 4168 1154 4227 octaua.
1173 4161 1275 4226 Gloria
1288 4160 1422 4224 altitiimo

229 4269 308 4351 regi,
334 4268 387 4352 qui
403 4267 439 4331 sn
455 4266 633 4334 benedictus
654 4268 685 4333 io
705 4266 815 4333 secula.
837 4270 942 4333 Amen.
983 4267 1134 4335 Hactenus
1158 4269 1188 4332 in
1210 4271 1346 4354 practica
1367 4288 1423 4352 per

228 4374 390 4458 Augustum
403 4380 529 4458 quatuor
540 4376 670 4441 florenos
680 4375 890 4460 Vngaricales,
900 4376 976 4442 duos
982 4375 1133 4451 recenses,
1143 4376 1280 4442 sedeoem
1294 4376 1421 4441 librasd.

229 4484 269 4547 Et
284 4504 320 4547 ex
334 4483 463 4569 quodam
479 4483 627 4549 medicine
635 4483 845 4560 baccalaureo,
860 4487 1025 4550 examinato
1037 4489 1069 4550 et
1078 4484 1220 4557 admisso,
1234 4493 1264 4551 et
1275 4493 1422 4571 promoto,

230 4591 335 4656 decem
352 4591 382 4656 d.
400 4594 419 4656 5
435 4590 475 4655 sz.
492 4592 523 4657 in
539 4592 641 4675 vigilia
657 4592 758 4679 Egidi,
793 4594 868 4660 bora
891 4594 1028 4661 secunda.
1050 4595 1131 4661 Laus
1147 4594 1203 4659 tibi
1223 4596 1360 4669 domine,
1382 4594 1424 4659 mi

231 4698 316 4765 ibesu
336 4698 460 4774 christe,
485 4701 536 4787 qui
557 4702 719 4786 Augustum
740 4702 781 4766 ita
803 4702 918 4769 letisice
942 4709 972 4769 et
994 4703 1136 4788 gaudioso
1152 4703 1246 4769 sacilli
1261 4724 1422 4789 peragere.
