3300 5342
712 521 907 576 isco-isai.
1325 494 1402 564 4¹3

303 668 357 732 23.
391 666 542 735 Octobris.
588 669 758 734 Coronatus
797 672 846 732 est
884 668 913 731 in
952 667 1064 751 Regem
1102 667 1301 734 Romanorum
1340 668 1404 734 Rex

214 779 420 864 Hispaniarum
442 776 568 843 Carolus
597 786 628 843 et
653 798 709 863 per
736 775 851 843 Bullom
878 776 1082 860 Apostolicam
1112 775 1287 843 declaratus
1309 774 1405 843 Cesar

213 887 402 974 Aquisgrani.

303 996 358 1061 llic
382 1016 476 1061 annus
500 1014 559 1059 noo
583 995 680 1061 minus
702 1015 791 1081 quam
807 995 954 1079 Superior
969 994 1057 1059 nobis
1080 994 1137 1058 luit
1155 994 1255 1059 tristis
1268 1015 1304 1060 cc
1321 994 1403 1060 cola-

213 1106 348 1178 mitosus,
365 1104 403 1170 ob
414 1108 541 1168 mortem
553 1102 687 1177 Cesaris,
704 1106 735 1167 at
747 1103 817 1189 quia
827 1104 939 1188 priuati
954 1124 1057 1169 sumus
1069 1101 1196 1170 Domino
1212 1124 1248 1170 ac
1262 1104 1404 1189 principe
1437 1086 1443 1103 ⁸

213 1233 279 1279 cum
295 1212 383 1298 plebs
399 1210 559 1276 maledicta
575 1212 698 1277 seuiret.

732 1395 878 1469 lllDXXl.

303 1541 334 1604 2.
372 1538 483 1602 Martii.
543 1536 610 1602 Emi
653 1555 709 1623 par
752 1537 999 1623 prelocucionem
1043 1537 1146 1605 uillam
1190 1539 1406 1625 Engerssdorff

211 1647 286 1714 hora
303 1645 422 1734 emm).

302 1758 357 1822 26.
380 1756 462 1821 Maii.
497 1755 577 1820 lutra
604 1754 696 1820 Edam
726 1759 758 1820 et
781 1756 862 1820 3iam
893 1755 984 1822 boras
1006 1756 1164 1842 ingressus
1186 1764 1234 1823 est
1256 1757 1403 1843 [lyncium

211 1865 362 1932 llrcbidux
377 1864 498 1930 llustrie
512 1863 730 1939 Eerdinandus,
753 1884 822 1930 cum
838 1863 1000 1930 Cardinale
1015 1864 1254 1950 salczburgensi
1269 1865 1401 1939 Matheo,

212 1975 297 2042 Duce
318 1973 473 2039 Ludouico
497 1974 640 2047 Bouario,
664 1973 818 2060 Episcopo
834 1973 1031 2048 Tridentino,
1053 1980 1085 2040 et
1099 1975 1218 2040 moros
1234 1974 1273 2039 de
1288 1976 1400 2059 Burgo,

214 2085 264 2169 qui
287 2086 423 2148 oratores
446 2087 533 2148 erant
555 2081 679 2147 Cesaris
703 2079 816 2148 Caroli.
856 2082 984 2169 Sequuti
1011 2090 1082 2149 sunt
1114 2084 1171 2150 bos
1196 2088 1261 2149 tres
1289 2083 1399 2149 fratres

212 2192 405 2269 biarchionss
426 2191 717 2276 brandeburgenses
736 2190 915 2267 Casimirus,
941 2191 1093 2260 lohannes
1109 2198 1141 2259 et
1157 2191 1325 2277 Georgius,
1348 2199 1400 2279 qui

211 2320 267 2366 una
285 2321 351 2366 cum
368 2299 525 2366 Ambrosio
543 2298 677 2364 Sarcban
699 2299 810 2382 agebat
825 2304 976 2366 oratorem
990 2300 1083 2385 Regis
1098 2300 1260 2385 lluogarie.
1284 2301 1401 2366 Dehinc

210 2410 276 2474 Dux
299 2409 446 2474 Ernestus
468 2409 609 2481 Bauaric.
634 2409 804 2494 Episcopus
823 2409 1027 2482 Patauiensis,
1049 2410 1219 2496 Episcopus
1241 2409 1400 2474 Labacen·

212 2519 255 2583 sis
264 2516 303 2605 ¹),
326 2516 565 2605 Chiemensis⁸),
588 2515 819 2604 Viennensist).
859 2518 1027 2603 Episcopus
1051 2517 1202 2601 Georgius
1223 2519 1301 2585 Duci
1317 2522 1400 2583 extra

212 2626 317 2692 vrbem
339 2626 474 2691 occurrit
494 2629 526 2690 et
547 2645 669 2691 crucem
692 2624 885 2691 osculandam
908 2626 1038 2710 prebuit.
1064 2625 1274 2713 eardinalisr)
1290 2625 1400 2691 Eerdi-

211 2734 339 2800 nandum
355 2755 422 2801 cum
439 2735 476 2800 D.
490 2736 584 2807 Anna,
600 2735 715 2818 Regina
731 2735 894 2819 Hungarie,
911 2736 1071 2821 copulauit.
1087 2742 1118 2800 et
1132 2757 1221 2802 mone
1235 2736 1402 2801 celebrauit

95 2845 100 2853 '
210 2843 353 2911 officium.
378 2842 492 2929 Nuptis
507 2843 609 2908 triduo
626 2843 773 2909 letissimo
788 2849 857 2910 acte
874 2850 954 2910 sunt.

324 2955 355 3019 3.
372 2952 458 3018 lulii.
483 2952 570 3018 Exiui
587 2950 733 3017 Viennam
749 2973 816 3018 cum
833 2973 925 3018 uxore
941 2960 973 3021 et
988 2953 1105 3019 liberis.

324 3062 354 3125 u.
371 3060 455 3127 lulli.
480 3059 557 3125 Veni
573 3059 684 3125 Grecn.

323 3171 353 3235 7.
371 3168 454 3234 Julii.
477 3171 603 3234 Accessi
618 3170 791 3255 Principem
806 3170 1040 3236 Fordinandum.

300 3281 351 3344 11.
368 3277 452 3343 Julii.
476 3278 603 3342 Prostiti
619 3280 818 3344 iuramentum
836 3283 868 3343 et
882 3278 1076 3346 confirmatus
1091 3280 1123 3344 in
1139 3278 1248 3345 officio.

299 3389 352 3453 lb.
370 3385 452 3452 lulii.
476 3385 619 3452 Recessit
634 3386 781 3473 Princeps
797 3408 834 3453 ex
850 3387 960 3454 Greci.

301 3497 352 3563 17.
368 3495 453 3561 lulii.
476 3495 589 3561 lutraui
605 3496 722 3561 domum
740 3496 966 3562 conductitiam.

297 3606 351 3670 28.
368 3603 449 3671 lolii.
474 3604 717 3690 supplicationes
731 3605 812 3695 tactp
829 3609 933 3673 contro
948 3607 1092 3674 Turcum.

245 3975 271 4051 ¹)
290 3979 518 4036 Wabrscbeinlicb
531 3983 799 4056 Crosa-Eogcrsdori
813 3984 856 4039 bei
873 3984 1062 4041 Wolkarsdort
1077 3984 1111 4039 im
1130 3984 1161 4040 V.
1173 3984 1204 4041 U.
1222 3985 1256 4040 E·
1271 3985 1309 4049 b.
1328 3984 1397 4040 dcun

289 4069 548 4142 Klein-Engorsslori
563 4073 605 4127 bei
619 4072 827 4129 Stsmmcrsdorl
836 4073 866 4129 V.
880 4074 910 4131 U.
924 4075 1000 4130 lab.
1014 4077 1107 4130 basrss
1120 4074 1219 4130 domm
1230 4074 1284 4129 und
1301 4074 1397 4130 besitst

150 4160 154 4165 ’
291 4160 359 4214 nocb
379 4159 426 4215 risa
447 4161 514 4215 stin
535 4161 789 4235 illuster-Nauburg.
817 4165 857 4220 An
881 4163 923 4220 dic
945 4166 1026 4220 Ralla
1046 4165 1210 4236 Engcndorl
1224 4166 1267 4219 bei
1285 4166 1397 4220 Zcillcrn

291 4250 324 4302 im
338 4248 368 4304 V.
382 4249 414 4303 0.
427 4250 469 4304 W.
482 4251 524 4305 w.
538 4252 574 4306 ist
592 4252 659 4307 wobl
678 4253 752 4307 nicht
769 4272 801 4308 zu
813 4256 926 4318 danico,
948 4255 981 4311 do
995 4254 1044 4312 der
1058 4256 1092 4310 im
1106 4255 1191 4311 'l'cxtc
1204 4257 1335 4326 genanutc
1348 4255 1397 4311 ure

288 4338 370 4394 scbon
381 4339 481 4396 damula
498 4338 709 4414 ‘rilla’gsnannt
720 4343 796 4400 vird.
1417 4352 1421 4361 '

241 4427 271 4503 ²)
290 4428 431 4505 Christopb
443 4429 555 4487 Rcubar.

241 4518 270 4593 ⁸)
288 4520 414 4576 Bertbold
426 4520 580 4595 Pirstingcr.

238 4605 268 4683 ι)
288 4602 442 4683 Georg'ron
455 4612 600 4668 Slstkouia.

238 4700 268 4773 ⁸)
286 4701 405 4757 Ntmlicb
419 4703 545 4759 blrtbseus
557 4705 639 4777 brug,
654 4705 811 4763 Erebiscboi
820 4725 870 4762 ron
883 4706 1022 4778 salzburg.
