3300 5342
286 445 360 517 174
835 479 914 533 roro.

280 621 413 696 „Comes
430 621 579 705 Flandrie,
597 622 709 688 Tirolis
726 629 784 690 etc.
802 629 863 689 etc.
888 619 1086 690 llonorebiles
1101 631 1132 689 et
1140 624 1246 691 fideles
1257 627 1345 690 nobis
1356 624 1470 690 dilecti.

282 728 506 805 ,Intelleximus
522 732 596 815 (Bl.
619 731 758 815 123⁵),
775 737 837 795 tum
853 753 889 795 ex
905 732 969 797 luo.
995 734 1061 796 Don
1076 734 1249 819 llaymundo
1267 734 1306 797 de
1321 732 1470 806 Cordoua,

279 839 376 915 ,Vice
392 840 476 922 Rege
493 843 596 903 nostro
611 838 830 924 Neapolitano,
852 846 915 906 tum
939 863 975 905 ex
998 841 1125 906 aliorum
1145 842 1270 916 litteris,
1294 843 1356 908 Vos
1377 843 1469 906 huca

278 935 428 1023 ,salbus
449 948 606 1032 prouincie
630 955 660 1013 et
676 949 865 1034 Principatus
886 951 981 1015 nostri
997 953 1117 1015 bustric
1139 950 1178 1015 ad
1193 972 1248 1016 nos
1264 952 1468 1016 transmissos.

281 1056 339 1130 ,ut
355 1054 429 1121 licet
443 1057 504 1121 Vos
520 1055 665 1130 libenter,
688 1063 828 1142 tanquam
851 1057 956 1123 fideles
979 1062 1010 1122 et
1030 1057 1158 1123 dilectos
1185 1059 1321 1123 subditos
1337 1065 1468 1131 nostros,

278 1164 480 1240 ,uideremus
496 1170 607 1237 tamen,
624 1183 690 1228 cum
707 1167 766 1229 iter
784 1166 821 1231 ad
837 1166 1008 1250 Hispaniam
1024 1165 1161 1249 longum,
1184 1165 1310 1231 difficile
1333 1172 1364 1230 et
1379 1168 1467 1231 inco-

278 1274 418 1348 „modum
433 1273 483 1343 sit,
501 1277 533 1337 et
547 1292 602 1336 uos
619 1273 675 1338 deo
693 1273 770 1337 duce
785 1275 961 1359 propediem
985 1276 1016 1339 in
1032 1273 1222 1339 Germaniam
1239 1277 1342 1339 venire
1356 1277 1466 1340 statui·

278 1401 374 1456 „mura
392 1381 551 1445 Hortamur
566 1400 622 1445 uos
638 1386 671 1444 ut
686 1381 744 1445 nisi
760 1401 869 1465 magna
885 1389 917 1446 et
929 1384 1038 1464 ingens
1050 1383 1220 1449 necessitas
1229 1387 1322 1460 esset,
1335 1402 1393 1446 non
1406 1383 1466 1448 lruo

277 1490 337 1564 „ed
358 1510 412 1555 nos
435 1489 600 1563 accedere,
626 1493 657 1553 et
680 1494 741 1553 tam
757 1490 941 1556 laboriosum
956 1496 987 1556 et
1003 1491 1206 1574 periculosum
1221 1491 1280 1555 iter
1295 1494 1466 1574 suscipere,

278 1599 355 1672 „sed
369 1598 408 1663 ad
423 1603 543 1664 uestros
560 1600 671 1663 reuerti
687 1597 836 1663 debeatis.
860 1599 899 1663 Et
913 1599 1013 1682 siquid
1029 1600 1118 1665 uobis
1133 1598 1298 1665 Nobiscum
1314 1599 1465 1682 agendum

248 1761 252 1770 .
278 1713 329 1781 „et
342 1707 529 1774 mensuum
545 1712 603 1776 est.
618 1728 674 1791 pro
689 1727 727 1771 eo
744 1708 782 1771 ud
799 1706 961 1773 Consilium
978 1715 1111 1775 nostrum
1127 1728 1298 1793 supremum
1313 1712 1344 1773 et
1358 1709 1464 1793 priua·

276 1821 374 1891 „turm
391 1820 422 1880 et
437 1814 517 1901 quod
532 1835 629 1901 usque
644 1817 675 1879 in
691 1816 851 1880 aduentum
867 1822 1001 1881 nostrum
1017 1817 1055 1881 ed
1070 1816 1321 1898 gubernacionem
1337 1818 1463 1900 prouin-

274 1925 408 1999 „ciarum
423 1929 591 1989 nostrarum
607 1924 728 1991 bustric
743 1923 969 2008 deputauimus,
986 1926 1101 1989 adeatis
1118 1931 1149 1989 et
1164 1928 1344 1997 recurratis,
1360 1925 1429 2009 quia
1446 1946 1463 1989 a

274 2031 388 2109 ,Nobis
411 2031 539 2117 amplam
562 2032 772 2097 comissionem
795 2032 923 2107 habent,
944 2033 1063 2098 interim
1085 2033 1183 2098 omnia
1205 2034 1317 2117 agendi
1339 2039 1370 2098 et
1391 2054 1463 2117 per·

273 2140 460 2215 „tractandi,
484 2161 543 2226 que
563 2160 619 2224 pro
640 2139 737 2213 bono,
759 2141 886 2205 comodo
908 2147 939 2206 et
954 2144 1055 2226 quiete
1077 2142 1225 2207 dictarum
1241 2142 1463 2227 prouinciarum

272 2253 463 2325 „nostrarum
478 2255 510 2314 et
525 2249 644 2314 illorum
659 2249 847 2315 subditorum
869 2250 935 2314 lieri
957 2254 1109 2334 poterunt,
1132 2250 1208 2330 (Bl.
1235 2248 1357 2333 124⁶.)
1380 2248 1463 2330 Quo-

271 2360 371 2433 ,niam
392 2360 424 2422 in
447 2379 483 2422 eo
507 2358 616 2422 facturi
641 2358 716 2422 estis
740 2378 915 2443 expressam
932 2358 1116 2423 uoluntatem
1132 2360 1274 2422 nostram.
1305 2356 1412 2421 Datum
1428 2358 1460 2420 in

147 2480 184 2527 rs.
199 2481 243 2529 uu
270 2468 412 2543 „ciuitate
433 2471 538 2532 nostra
561 2465 767 2539 barchinona,
796 2468 852 2532 Die
874 2467 954 2532 xviii.
979 2467 1094 2532 Mensis
1118 2466 1207 2549 llaji,
1234 2468 1320 2531 buno
1336 2465 1458 2531 domini.

270 2577 329 2653 „lb
347 2576 384 2640 D.
402 2576 526 2643 Decimo
542 2575 639 2640 Nono.

382 2683 528 2762 ,Carolus
545 2681 603 2769 (m.
620 2683 671 2770 p.)
1015 2685 1080 2761 „Ad
1095 2682 1266 2748 mandatum
1283 2682 1458 2749 Catholicae

267 2792 530 2871 „Honorabilibus
547 2793 699 2865 fidelibus,
716 2794 803 2859 nobis
820 2794 944 2861 dilectis
1057 2792 1224 2875 blajestatis
1240 2792 1397 2876 proprium

268 2901 475 2981 „Oratoribus
493 2902 531 2967 ad
547 2923 602 2968 nos
617 2923 634 2967 a
650 2903 766 2968 [lucalu
781 2909 886 2968 nostro
1064 2902 1096 2966 J.
1113 2902 1242 2967 Sannart
1258 2901 1315 2989 (m.
1330 2900 1380 2987 p.)
1401 2905 1404 2910 ’

380 3012 495 3091 ,Stirie
510 3015 726 3078 transmissis.“

355 3122 425 3188 Wir
438 3125 552 3187 raisten
568 3121 642 3186 aber
657 3142 732 3186 nuer
748 3123 805 3196 fur,
828 3121 1048 3187 vuuerbindert
1064 3120 1229 3185 desselben
1244 3141 1301 3186 von
1325 3120 1403 3183 dean
1418 3140 1455 3183 zu

261 3234 371 3298 raisen.
389 3232 486 3296 Ward
501 3232 642 3305 bedacht,
659 3231 862 3297 Eernthalben
879 3232 976 3295 bintzt
990 3251 1070 3314 geon
1088 3231 1229 3294 blaisters
1247 3228 1277 3315 ¹)
1292 3228 1453 3302 aureitten,

262 3343 344 3407 Aber
365 3363 476 3407 vnnser
499 3341 744 3424 mitgesanndten
771 3342 939 3407 versacben
966 3342 1032 3406 sich
1059 3343 1114 3406 mit
1137 3359 1274 3421 wagner.
1306 3339 1369 3404 alls
1397 3340 1454 3402 wir

261 3471 425 3534 morgenns
441 3451 603 3516 milzieben
619 3452 748 3524 wolten,
771 3450 828 3515 alls
852 3451 919 3515 sich
945 3453 1023 3516 aucb
1047 3449 1197 3534 geburdt,
1214 3450 1301 3513 suern
1315 3448 1366 3514 die
1387 3448 1452 3511 lrin.

261 3561 331 3625 Wir
347 3562 451 3625 betten
467 3581 542 3624 unns
559 3560 631 3633 des,
655 3559 735 3623 rand
757 3559 990 3624 sonnderliehen
1012 3562 1067 3624 mit
1082 3560 1140 3623 den
1157 3565 1301 3640 wagnen,
1324 3558 1370 3620 nit
1384 3576 1454 3620 rer·

262 3668 366 3741 seben,
384 3668 508 3731 darumb
524 3667 625 3731 bliben
641 3670 698 3732 wir
713 3667 841 3739 binden,
859 3668 954 3731 bintzt
968 3671 1024 3733 wir
1040 3667 1118 3732 auch
1135 3668 1182 3730 ain
1199 3684 1285 3747 magn
1303 3664 1454 3729 vberlho·

258 3796 337 3842 men.
362 3777 418 3841 Die
433 3776 548 3840 runaut
563 3775 678 3839 liessen
693 3777 749 3840 wir
764 3775 804 3838 all
821 3776 977 3840 deselbstn
993 3797 1040 3840 zw
1056 3775 1175 3838 Teruis.

146 3917 168 3962 t.
186 3914 241 3964 surr.
351 3886 416 3949 Den
433 3885 542 3948 Ersteu
558 3888 610 3967 teg
624 3883 710 3971 July,
735 3879 790 3949 alls
814 3887 871 3950 wir
893 3906 971 3968 geen
989 3885 1119 3949 ldasters
1136 3880 1313 3965 vnnd.(Bl.
1333 3880 1452 3966 124⁵.)

259 4015 338 4077 geen
354 3996 495 4079 blangera
513 3993 554 4081 ²),
572 3994 609 4058 da
625 4015 691 4059 man
709 3995 774 4058 auls
785 3994 840 4058 des
857 4002 922 4059 mbr
938 3997 1019 4067 sitzt.
1036 3994 1175 4065 khomen,
1189 3991 1275 4056 fuern
1288 3991 1338 4055 die
1349 3991 1451 4073 gleich

259 4107 321 4171 lrin.
354 4104 442 4167 Wier
464 4103 591 4167 ruelllen
608 4102 722 4175 denen,
746 4102 839 4166 demit
855 4104 912 4166 wir
926 4101 1146 4166 miteinannder
1162 4099 1193 4162 in
1210 4098 1259 4162 die
1275 4097 1450 4163 uusechlich

260 4217 328 4280 Stat
343 4212 534 4285 einlhbmen,
551 4232 619 4275 man
629 4211 713 4275 wollt
724 4231 800 4276 rans
813 4211 887 4275 aber
899 4213 943 4276 nit
954 4213 1038 4275 horn.
1052 4211 1109 4286 Die
1119 4206 1449 4273 llerschalltdaselbstn

259 4321 438 4389 schiclrhten
451 4319 646 4385 ansecblicbe
668 4319 835 4392 Personen,
858 4320 1019 4384 unnsaull
1037 4319 1104 4383 dem
1121 4318 1187 4381 Mor
1205 4337 1251 4379 zw
1268 4314 1448 4398 emphaben,

257 4477 585 4490 ....-...--—-—--·-

218 4614 221 4619 -
298 4574 327 4647 ¹)
347 4575 454 4636 blostre,
468 4571 571 4626 sddlleb
585 4588 633 4624 ron
647 4569 766 4624 Treriso.

295 4665 324 4737 ²)
343 4666 397 4719 uns
409 4664 543 4718 berdbmte
554 4661 619 4717 nort
631 4662 773 4733 llalglrera.
