3300 5342
281 476 358 548 218
827 509 906 565 rsus.

277 655 447 721 continuum
461 655 691 730 meromontem
716 677 752 723 ac
772 657 922 723 universis
944 664 976 723 et
998 656 1126 742 singuiis
1141 656 1343 742 Principibus,
1359 654 1461 721 eccle·

277 766 409 830 siastiois
426 770 458 830 et
473 765 670 840 secularibus,
686 768 941 853 drobiepiscopis,
958 768 1129 854 Episcopis,
1147 768 1292 840 Ducibus,
1310 765 1462 834 biarcbio-

277 874 374 947 nibus,
391 874 565 947 comitibus,
581 877 758 953 Batonibus,
775 875 948 964 Capitaneis
964 877 1086 943 Urbium
1103 882 1134 942 et
1149 878 1269 942 braium
1285 875 1461 948 Praefectis,

278 984 535 1051 Gubernatoribus
551 990 583 1049 et
597 984 812 1061 vicedominis,
829 988 998 1062 iudicibus,
1013 986 1202 1060 Rectoribus,
1216 984 1461 1069 Durgmagistris,

279 1093 469 1169 Consulibus,
492 1093 615 1160 Ciuibus
639 1103 669 1161 ot
697 1097 764 1161 aliis
788 1096 1013 1184 quibuscunque
1036 1096 1240 1170 officialibus,
1264 1100 1296 1161 et
1315 1098 1402 1162 nobis
1426 1120 1463 1167 ac

278 1223 365 1268 sacro
381 1205 508 1288 imperio
525 1205 654 1271 mediate
669 1206 717 1272 vet
739 1198 925 1283 immediate,
949 1227 985 1272 ao
1008 1227 1182 1294 quacunque
1202 1189 1317 1274 ratione
1333 1207 1462 1274 subditis

278 1313 463 1387 etfidelibus‚
471 1314 601 1389 dilectis,
611 1317 815 1402 cuiuscunque
826 1324 924 1383 status
930 1316 1043 1400 gradus
1051 1318 1244 1403 etdignitstis
1252 1319 1327 1403 (Bt.
1338 1318 1461 1402 176⁶.)

278 1427 422 1497 existant,
438 1425 475 1488 ad
497 1445 570 1510 quos
594 1431 752 1512 presentes
774 1429 984 1512 pervenerint,
1007 1429 1133 1510 grabam
1155 1434 1285 1517 nostram
1308 1447 1462 1491 cesaream

277 1539 308 1598 et
324 1554 409 1598 omne
426 1533 546 1598 bonum.
572 1533 647 1599 Cum
663 1536 912 1619 inpresentiarum
930 1535 1118 1601 Germaniam
1141 1540 1330 1602 reuertuntur
1354 1536 1463 1601 fideles

230 1706 233 1713 ,
277 1642 501 1722 nobisdilecti:
526 1643 736 1728 sigismundus
754 1644 792 1709 de
808 1644 1014 1717 Herberstain,
1029 1645 1130 1729 Eques
1146 1666 1254 1711 aureae
1268 1645 1408 1718 militiae,
1432 1651 1465 1710 et

277 1753 408 1818 ioannes
426 1752 585 1827 Hoffman,
603 1752 746 1819 Oratores
763 1754 897 1819 Ducatus
915 1756 1009 1819 nostri
1026 1753 1165 1840 Styriae;
1190 1760 1220 1819 et
1236 1754 1296 1820 illis
1307 1755 1464 1840 cupiamus

277 1865 336 1927 iter
351 1867 445 1927 tutum
462 1868 493 1927 et
510 1882 649 1928 securum
664 1864 775 1949 ubique
790 1870 913 1949 patere,
934 1884 1075 1945 rogamus
1099 1865 1300 1930 serenitatem
1323 1864 1464 1929 Vestram

276 1979 308 2038 et
333 1993 385 2039 uos
407 1975 628 2059 suprascriptos
653 1972 807 2041 hortamur
829 1995 948 2047 omnes,
972 1973 1102 2038 subditis
1120 1994 1191 2039 vero
1207 1971 1344 2039 districte
1359 1977 1462 2059 preci·

276 2082 386 2168 piendo
403 2084 585 2155 mandamus,
601 2089 763 2168 quatenus,
787 2084 843 2150 sub
859 2105 956 2167 poena
971 2085 1183 2167 indignationis
1198 2088 1320 2149 nosbae
1335 2088 1367 2148 et
1381 2083 1462 2157 abiis,

277 2191 401 2257 arbitrio
413 2198 516 2257 nostro
524 2193 726 2277 imponendis,
739 2193 892 2276 predictos
905 2194 1049 2281 Oratores
1056 2193 1106 2257 die
1118 2198 1266 2278 noctuque
1278 2198 1351 2266 tute,
1362 2192 1462 2258 iibere

276 2306 307 2367 et
329 2323 438 2367 secure
453 2322 509 2386 per
524 2304 621 2366 omnia
642 2309 674 2367 et
696 2322 892 2389 quaecuuque
915 2302 982 2368 ioca
1005 2303 1160 2367 terrestria
1184 2306 1214 2366 et
1239 2302 1376 2387 aquatica
1392 2322 1460 2367 cum

277 2414 373 2498 equis,
389 2410 477 2476 mutis
492 2412 638 2476 onerariis
653 2415 685 2476 et
701 2412 838 2496 pecuniis
855 2416 886 2480 et
900 2412 967 2477 aliis
984 2412 1073 2478 rebus
1090 2413 1154 2477 suis
1169 2412 1323 2488 omnibus,
1346 2412 1461 2501 absque

276 2521 401 2587 alicuius
417 2524 518 2586 oneris
533 2520 624 2587 realis
640 2520 688 2587 rel
700 2521 1129 2609 personatisstmpositioae)
1137 2523 1193 2596 ire,
1205 2522 1319 2595 redire,
1331 2529 1414 2588 stare
1430 2528 1462 2589 et

277 2634 387 2698 morari
401 2634 581 2718 permittatis
598 2640 628 2698 et
648 2632 686 2697 ab
708 2635 774 2699 aliis
797 2635 931 2720 permitti
953 2634 1081 2708 faciatis,
1105 2630 1327 2717 (Bl.176⁶.)
1352 2635 1462 2701 facturi

276 2745 307 2808 iu
323 2764 359 2809 eo
375 2742 463 2808 nobis
479 2762 543 2808 rem
559 2748 693 2826 gratam,
717 2745 831 2811 subditi
852 2766 923 2811 vero
944 2732 1039 2810 nostri
1065 2744 1097 2808 in
1113 2765 1149 2808 eo
1166 2765 1338 2831 expressam
1353 2744 1460 2810 volun·

276 2858 369 2918 tatem
389 2858 522 2917 nostram
543 2854 708 2919 executuri.
733 2855 842 2920 Harum
862 2854 1033 2918 testimonio
1055 2852 1226 2925 literamm,
1248 2873 1335 2928 mauu
1357 2859 1461 2919 nestra

276 2962 512 3048 subscriptarum
527 2967 559 3028 et
573 2963 666 3047 sigilli
681 2966 775 3030 nostri
791 2985 807 3029 a
822 2970 911 3046 tergo
927 2965 1087 3027 munimine
1102 2952 1318 3028 roboratarum.
1352 2964 1461 3029 Datum

276 3073 354 3160 (ia)
370 3071 539 3138 biotendiuc
555 3074 659 3158 Regio,
676 3073 726 3138 die
740 3073 801 3139 xvii
813 3074 927 3142 Mensis
940 3071 1129 3144 Decembris,
1140 3092 1215 3136 anuo
1228 3072 1345 3136 Domini
1358 3072 1461 3137 itiite-

277 3183 351 3266 simo
372 3181 619 3265 Quingentesime
634 3184 759 3248 Decimo
775 3202 868 3257 nono,
885 3182 1056 3267 Regnomm
1073 3187 1240 3247 nostrmum
1260 3182 1400 3256 Romani,
1426 3203 1462 3248 ac

276 3290 441 3357 Eiectionis
457 3291 578 3377 imperii
592 3294 699 3378 primo,
716 3293 840 3358 aliorum
857 3311 929 3358 vero
946 3291 1074 3355 omnium
1090 3290 1213 3373 Quarto.

881 3402 926 3465 dd
942 3399 1109 3465 mandatum
1126 3399 1294 3466 Caesareae
1311 3406 1342 3466 et

368 3506 493 3575 Carolus
508 3531 547 3574 m.
564 3532 594 3595 p.
855 3509 1028 3576 Catholicae
1044 3509 1209 3575 Maiestatis
1225 3510 1396 3595 proprium:

902 3620 1009 3685 ioann.
1028 3618 1179 3684 Hennardt
1194 3639 1233 3682 m.
1250 3639 1280 3703 p.

537 3874 615 3959 (131.
636 3873 759 3956 177⁶.)
784 3874 948 3955 Zugaus
972 3873 1193 3957 Hispanien.

225 4067 260 4100 ee.
367 4041 418 4103 Am
435 4037 696 4103 Neunzehenndeu
714 4037 883 4103 December
899 4057 997 4120 rogen
1013 4037 1069 4100 uir
1085 4058 1137 4102 aus
1154 4060 1200 4102 uw
1216 4036 1388 4111 Martoreli,
1414 4021 1479 4115 ains

275 4147 416 4230 degihen
432 4147 488 4231 ligt
503 4149 562 4234 bey
577 4151 663 4211 einer
678 4147 852 4231 Teutscben
868 4147 950 4211 meill
968 4148 1016 4210 tur
1032 4147 1124 4212 idolio
1147 4145 1185 4210 de
1208 4147 1251 4210 Re
1273 4147 1396 4219 binaus,
1425 4146 1463 4210 da

277 4258 333 4322 wir
348 4257 397 4321 die
413 4264 483 4344 aeyt
498 4258 554 4321 ber
570 4257 699 4339 gelegen
715 4258 791 4320 sein.
817 4256 951 4321 libamen
976 4276 1054 4339 geen
1074 4255 1197 4351 Rccbba
1216 4255 1244 4341 ¹)
1267 4256 1358 4320 secbs
1380 4257 1461 4329 mcii,

314 4454 340 4529 ¹)
360 4456 397 4510 Lo
410 4454 495 4519 Ruco,
518 4459 600 4510 etwas
612 4455 774 4510 nordostlicb
786 4472 836 4508 von
849 4455 974 4510 biartcrel
994 4473 1026 4510 au
1045 4455 1093 4509 der
1112 4455 1291 4517 Poststrssse,
1314 4455 1413 4508 uelcbe
1435 4453 1461 4507 in

360 4546 460 4618 einiger
472 4546 635 4620 Entternung
646 4564 696 4601 von
710 4547 756 4600 der
769 4546 949 4601 biesresbtiste
963 4548 1029 4600 oacb
1043 4546 1147 4601 Norden
1160 4547 1241 4602 iirbrt.
1268 4545 1315 4599 Die
1334 4548 1460 4601 nicbsteu

361 4638 456 4693 beiden
469 4639 533 4694 Drte
555 4638 658 4693 heissen
673 4638 742 4710 jetzt
759 4638 799 4693 St.
814 4637 903 4692 Selcui
923 4636 975 4692 und
997 4637 1143 4699 Dstslricb,
1165 4637 1228 4692 awai
1250 4637 1462 4703 Pcststatiouen3

361 4730 465 4785 Gerona
477 4728 544 4801 tiegt
555 4748 595 4785 am
608 4731 701 4786 Flusse
715 4731 777 4794 Ter,
789 4729 909 4784 nbrdticb
922 4746 971 4784 ron
985 4728 1124 4783 Datatricb.
