3300 5342
673 505 863 562 rtet-tuoe.

717 1406 819 1476 11011.

262 1543 292 1607 8.
317 1543 409 1607 Junii.
439 1543 502 1607 tine
530 1543 685 1606 distenta
709 1548 756 1607 est
781 1548 947 1626 tempestas
969 1545 1033 1605 orta
1056 1543 1087 1605 in
1112 1541 1258 1624 Vugaria,
1282 1541 1362 1625 quud

171 1649 254 1714 multi
268 1652 404 1715 hemines
418 1653 448 1713 in
461 1649 598 1713 domibus
611 1651 714 1723 mersi,
727 1649 863 1734 pecudes
877 1669 979 1713 omnes
991 1649 1058 1713 fere
1069 1650 1099 1711 in
1113 1669 1218 1733 eampo
1232 1650 1364 1713 extincte
1399 1654 1408 1673 ’

170 1759 303 1831 fulmine,
320 1761 385 1841 agri
403 1763 434 1822 et
449 1761 538 1823 vinee
554 1762 595 1823 ita
612 1758 803 1843 depopulate,
820 1763 853 1821 vt
865 1759 949 1820 nessi
964 1758 1057 1821 t'aeies
1073 1763 1212 1841 nequeat,
1228 1758 1269 1820 ita
1285 1757 1363 1820 vites

169 1867 289 1949 penitus
306 1867 419 1936 exsise,
436 1865 553 1950 lapides
570 1866 645 1927 mire
662 1865 875 1946 magnitudinis
892 1865 978 1947 tapsi.

261 1973 314 2035 20.
330 1974 468 2053 Augusti.
492 1971 542 2036 tui
560 1971 596 2035 ad
613 1971 649 2035 D.
667 1973 706 2036 de
722 1971 855 2035 Puibaim
871 1972 902 2034 iu
918 1950 1061 2035 thermas.

712 2155 831 2225 110111.

266 2294 317 2357 10.
335 2291 445 2355 Martii.
469 2286 677 2355 Serdinendus
694 2298 782 2355 natus
799 2293 871 2355 bera
889 2294 921 2356 s.
937 2311 976 2354 m.
995 2292 1049 2357 bt.
1066 2312 1092 2356 a.
1110 2292 1215 2355 merid.

263 2397 316 2461 ib.
334 2398 442 2462 Martii.
467 2398 529 2460 Hae
546 2404 636 2462 noete
652 2399 733 2462 eirea
750 2398 810 2462 Xlt.
828 2398 922 2462 insidi
937 2398 967 2460 iu
984 2399 1174 2463 acutissimas
1191 2396 1303 2461 febres.

264 2506 316 2570 19.
333 2505 443 2569 Martii.
467 2505 565 2568 Mater
581 2526 647 2570 mea
663 2510 789 2570 mortua.

262 2613 316 2677 27.
334 2613 444 2677 Martii.
469 2611 628 2677 Liberatus
644 2634 719 2677 sum.

285 2724 316 2789 9.
333 2721 414 2784 Maii.
438 2721 528 2783 Pater
543 2740 628 2784 mens
644 2725 789 2785 mortuns.

263 2827 317 2890 23.
334 2828 426 2892 Junii.
456 2827 556 2891 lmber
580 2828 687 2909 ingens
715 2827 766 2913 qui
793 2826 925 2911 repleuit
953 2847 1056 2891 omnes
1083 2830 1167 2892 viees
1190 2834 1221 2892 et
1247 2827 1363 2910 pluteus

173 2933 371 3015 Viennenses,
389 2936 532 2996 maximus
550 2935 689 3007 emnium,
708 2935 758 3018 qui
775 2936 805 2997 in
823 2936 966 2997 memoria
983 2933 1133 2999 bominum
1151 2937 1279 2998 fuerunt.

263 3042 317 3105 22.
335 3041 535 3125 Septembris,
553 3041 630 3104 Horu
650 3043 701 3112 tb,
718 3043 798 3125 Papa
815 3042 961 3106 Senensis
973 3043 1000 3127 ¹)
1017 3042 1126 3106 faetus.

286 3150 316 3213 7.
334 3147 525 3212 Nouembris.
551 3149 630 3211 Hera
647 3148 678 3211 7.
696 3169 783 3212 mane
800 3156 867 3213 nata
885 3154 933 3213 est
948 3148 1008 3213 fitia
1025 3168 1092 3213 mea
1107 3151 1200 3212 Anna.

612 3349 727 3421 ΜΒΝ.
751 3382 786 3391 -
810 3382 849 3391 -
875 3382 913 3395 -·

719 3545 821 3617 MDV.

266 3683 318 3748 14.
335 3683 481 3748 Januarii.
513 3683 600 3746 Mane
623 3683 697 3746 bera
720 3681 762 3747 6¹·
782 3684 916 3747 nuscitur
943 3682 1022 3747 tilius
1050 3703 1134 3747 meus
1157 3683 1365 3758 Sebastianus,

174 3811 262 3875 quem
280 3789 362 3854 Deus
379 3791 481 3852 foueat
498 3794 529 3851 et
544 3789 703 3853 custodiat.
730 3786 906 3871 Cempstres
921 3790 980 3851 mei
996 3791 1133 3853 fuerunt:
1158 3789 1310 3872 Georgius
1327 3789 1366 3852 de

173 3897 321 3969 Neideck,
339 3895 543 3960 Caneetlerius
557 3897 677 3959 Austris
693 3901 724 3958 et
739 3901 809 3979 pest
824 3897 995 3982 Episcopus
1011 3897 1219 3970 Tridentinus,
1235 3895 1366 3961 biisbael

174 4005 213 4068 de
229 4002 384 4074 Weitmul,
401 4004 477 4068 Baro
494 4003 639 4075 Monunio,
656 4007 687 4066 et
702 4002 826 4066 Domina
844 4002 1007 4067 Sebeetrin.

262 4109 295 4174 4.
317 4108 485 4172 Februarii.
518 4109 551 4172 ln
579 4109 716 4192 periente
743 4111 803 4173 rite
831 4111 1012 4174 constitutus
1041 4110 1165 4173 euml).
1188 4106 1308 4181 Steber,
1335 4109 1365 4171 in

173 4237 265 4303 praru
282 4216 392 4280 itinere
408 4215 446 4280 de
462 4215 585 4300 Zneym,
603 4218 719 4281 ratione
736 4217 855 4281 mummi
870 4216 998 4281 turbinis
1016 4224 1048 4281 et
1063 4216 1141 4281 niuis
1157 4221 1188 4280 et
1203 4215 1336 4297 trigoris.

214 4550 240 4623 ¹)
259 4553 320 4606 Pius
340 4553 385 4607 111.
409 4569 457 4606 eas
479 4524 644 4606 uenum„
663 4552 711 4606 der
728 4553 903 4616 Tenendum,
924 4555 1039 4621 petenen
1058 4571 1089 4606 au
1112 4553 1204 4613 Stena,
1226 4552 1367 4623 gesterben

260 4644 296 4697 27
308 4642 382 4711 Tage
395 4642 461 4696 neeb
474 4642 562 4695 seinsr
575 4642 663 4704 wahl,
674 4643 711 4696 10
724 4643 790 4697 ueeb
803 4643 891 4697 ssiuer
903 4644 1037 4711 Krbnung.
