3300 5342
202 516 212 545 ⁸
273 504 323 577 34
823 531 903 591 roeo.

131 697 171 746 ar.
186 695 240 756 uo.
270 680 403 746 asistere
419 679 625 766 personaliter.
663 679 701 749 m
719 680 750 745 in
771 680 876 764 vigilie
901 680 1110 766 penthecosten
1133 700 1201 746 cum
1225 680 1336 749 eisdem
1352 686 1461 747 exeunt

270 791 405 859 articulis
425 790 464 855 ad
487 810 611 873 regem,
638 809 705 859 cnm
729 810 787 877 qno
803 795 1008 857 tractmerunt
1022 796 1086 857 tota
1102 791 1151 857 elie
1166 791 1260 877 usquc
1275 791 1458 859 attrectem.

131 917 171 963 eo.
187 914 241 974 mer.
269 901 412 971 Secunda
428 900 505 971 scria
520 898 690 967 intestibus
706 899 815 969 iterum
829 905 940 967 exeunt
954 901 1040 971 ciues
1056 907 1088 975 ot
1099 901 1291 977 concludunt,
1308 902 1459 971 ciuitatem

271 1010 332 1076 else
348 1011 441 1095 regie,
458 1009 661 1095 srimperator
677 1027 742 1075 cam
759 1029 816 1075 uon
834 1008 1015 1083 detenderit,
1030 1015 1062 1075 et
1074 1010 1274 1083 intromittere
1285 1032 1355 1083 cnm
1368 1012 1461 1079 velint

269 1121 301 1185 iu
316 1119 420 1202 vigilia
432 1119 571 1211 ,corporis
587 1117 697 1189 christi.
713 1120 769 1205 (1.
778 1117 889 1204 jon).
912 1118 1005 1185 Huius
1021 1123 1169 1187 cantatur
1184 1118 1287 1191 littere
1302 1142 1320 1186 a
1336 1119 1460 1187 ciuitme

131 1245 171 1293 cc.
186 1241 240 1303 maj.
271 1231 427 1301 mittuntur
450 1228 489 1297 cd
507 1226 743 1319 imperatorem.
766 1227 815 1295 dio
836 1227 1051 1313 penthecostes
1068 1228 1142 1297 bora
1158 1230 1301 1302 remanda
1332 1229 1459 1304 umere,

267 1338 399 1425 inquam,
415 1337 506 1425 plene
521 1337 718 1411 lacrimarum,
734 1338 945 1423 celarecmque
960 1338 1146 1404 maiestatem
1159 1339 1228 1406 sere
1242 1339 1458 1412 valedicentes.

270 1446 345 1513 Vale
360 1448 462 1533 itaque
476 1448 518 1513 mi
532 1447 632 1512 cesari
656 1448 708 1534 qui
724 1446 861 1513 omnibus
878 1447 985 1513 austrie
1003 1430 1189 1533 principibus
1200 1452 1252 1517 tua
1269 1449 1459 1533 negligencia

270 1563 302 1623 et
323 1542 516 1642 pecuniarum
537 1576 639 1623 amore
660 1577 797 1640 magnam
819 1558 965 1624 maculam
979 1558 1118 1625 iniecisti.
1141 1559 1251 1627 Pouisti
1272 1578 1326 1627 noe
1347 1559 1459 1635 rernm,

130 1680 171 1729 ιι.
187 1680 241 1739 me.
269 1688 329 1733 nou
345 1666 534 1754 sequentibus
550 1667 654 1751 signio.
671 1668 822 1735 Hactenus
839 1671 869 1732 in
880 1669 1014 1754 proseeto
1027 1667 1131 1736 vrbani
1145 1689 1233 1735 uuam
1243 1668 1351 1735 libram
1363 1670 1459 1735 clene-

131 1793 171 1840 2'1.
187 1790 241 1850 maj.
269 1778 390 1852 riorum,
408 1780 450 1844 23
467 1774 619 1843 denarios.
642 1778 735 1844 Sexta
746 1778 822 1844 seria
836 1784 905 1844 ante
917 1779 1056 1863 corporie
1069 1778 1172 1845 christi
1184 1778 1299 1845 celeret
1311 1778 1458 1846 ossicialcc

269 1888 415 1953 Viennam
431 1893 554 1963 exeunt,
582 1908 653 1953 arce
668 1888 764 1955 clausa
780 1888 898 1963 relicte,
913 1908 1002 1974 mam
1018 1893 1201 1973 operuerunt
1217 1889 1310 1970 ciues,
1325 1893 1360 1954 ut
1372 1909 1459 1955 mnn-

131 2011 171 2057 28·
186 2008 239 2067 mai·
271 1996 462 2083 dereturpro
479 2017 553 2080 rege
569 1996 713 2081 Vrgerie.
737 1996 909 2072 Sabbetbo,
926 1998 956 2063 in
973 1998 1098 2083 quodie
1114 1998 1188 2064 bora
1204 1997 1321 2065 decima
1337 1999 1460 2065 intrauit

271 2106 415 2173 Viennam
430 2106 488 2171 dux
504 2108 639 2180 ioannes,
656 2105 734 2171 siliue
751 2108 835 2191 regis
850 2107 961 2173 matbie
978 2107 1114 2191 rogerio.
1133 2108 1230 2193 primo
1241 2106 1280 2175 ad
1292 2106 1459 2180 ecclesiam·

270 2217 391 2283 tandem
430 2238 469 2301 yn
503 2214 557 2281 dae
587 2216 770 2301 prcghauss,
805 2217 926 2283 tandem
962 2218 999 2282 nd
1030 2216 1186 2290 balneum,
1219 2223 1346 2303 propter
1377 2216 1459 2303 quod

271 2332 319 2391 est
341 2325 510 2408 ingressus,
534 2330 566 2390 et
589 2325 640 2409 aiij
668 2345 756 2409 quam
783 2326 915 2411 plurimi.
950 2326 1118 2411 iterumque
1140 2327 1177 2391 od
1202 2324 1295 2393 castre
1319 2327 1368 2391 sua
1389 2332 1459 2393 ante

131 2447 171 2494 2⁹·
188 2446 242 2504 me·
270 2434 407 2501 occasum
435 2434 505 2499 solie
533 2434 663 2499 rediere.
711 2433 861 2513 llactcnue
889 2433 1040 2501 dominica
1065 2435 1207 2503 trinitatie
1235 2435 1257 2499 6
1283 2434 1458 2519 schilliogoe

267 2543 456 2613 denariorum
464 2586 654 2607 .........
669 2545 710 2607 12
742 2544 895 2609 denarios.
943 2544 1016 2609 ltcm
1047 2544 1139 2628 usuro
1169 2542 1328 2610 secundam
1350 2543 1455 2611 seriam

165 2697 171 2711 ·
189 2663 236 2711 ue.
270 2655 335 2739 post
350 2653 485 2739 corporis
502 2652 621 2724 Christi,
638 2672 696 2738 que
713 2653 772 2717 fuit
786 2652 922 2740 sequenti
936 2653 1001 2738 post
1015 2652 1169 2726 bonifacii,
1185 2658 1249 2719 tres
1260 2650 1353 2719 librae
1365 2651 1460 2718 dena·

271 2763 394 2836 riorum.
410 2782 499 2827 uuum
514 2762 660 2827 florenum
675 2760 889 2844 rugaricalem,
903 2772 968 2828 tres
984 2761 1168 2843 schillingoe,
1186 2762 1297 2847 septem
1307 2761 1459 2834 dentrice,

269 2891 363 2956 panee
380 2872 447 2938 eine
462 2890 596 2937 numero.
620 2871 652 2935 ln
668 2890 727 2955 quo
743 2871 883 2955 predicto
898 2871 1005 2935 ciuitas
1023 2870 1199 2943 Viennensie
1214 2870 1325 2937 iurauit
1338 2870 1416 2954 regi.
1430 2874 1462 2934 et

163 3025 170 3038 .
187 2970 233 3039 ‘en
269 2981 320 3047 suo
336 2980 408 3055 lilio,
426 2987 457 3045 et
473 3001 567 3065 regno
586 2981 729 3065 Vngarie‚
747 2988 776 3043 et
793 3001 897 3047 eorum
914 2980 1091 3065 sequacibue
1104 2979 1294 3066 fidelitatem.¹
1314 2979 1461 3062 Bonisacij

162 3100 234 3148 den.
269 3091 361 3156 intrat
387 3091 541 3155 ciuitatem
557 3092 673 3172 regina,
702 3110 756 3154 rex
780 3090 811 3155 in
833 3088 939 3175 vigilia
962 3090 1100 3175 corporie
1124 3089 1233 3157 Christi
1254 3089 1369 3174 (cum)
1391 3094 1459 3155 octo

268 3201 389 3269 milibus
405 3201 555 3266 bominum
572 3200 754 3274 electorum,
772 3198 1084 3273 conserentibus,
1108 3219 1167 3265 non
1182 3202 1214 3267 in
1229 3199 1368 3267 aurbun
1381 3198 1461 3265 bene

260 3313 399 3377 munitis.
416 3309 625 3395 Predictieque
637 3309 744 3376 diebus
755 3310 913 3375 mittuntur
925 3310 1025 3375 littere
1037 3330 1054 3373 o
1067 3330 1141 3393 rege
1153 3310 1190 3374 ad
1203 3314 1295 3375 totam
1307 3310 1459 3382 aurulam

269 3427 303 3487 ut
322 3422 373 3489 hic
396 3420 434 3487 acl
455 3420 562 3485 testum
582 3420 720 3487 iohannis
736 3419 865 3505 baptiste
891 3417 974 3501 (24.
982 3420 1081 3505 jen.)
1097 3424 1292 3504 compareant
1306 3438 1411 3487 omuee
1424 3424 1458 3484 et

270 3531 475 3616 personaliter.
500 3530 573 3596 lllC.
1208 3516 1211 3525 ⁴

361 3642 416 3726 (p.
432 3640 489 3720 8.)
517 3639 701 3724 „imponit
724 3639 844 3703 sinem
867 3637 1030 3722 sapione
1051 3643 1089 3702 et
1111 3638 1228 3705 rebus
1245 3638 1456 3705 honestie.“

189 3755 236 3803 'ue
361 3751 434 3816 Poet
448 3754 563 3835 captam
579 3748 740 3821 Viennam,
762 3748 794 3812 in
809 3746 913 3829 vigilia
928 3749 996 3821 riti,
1020 3747 1109 3813 bebui
1130 3768 1167 3813 ex
1182 3748 1316 3831 practice
1330 3734 1475 3840 quatuor¹

272 3858 364 3928 librae
380 3860 580 3933 denariorum,
597 3864 661 3925 tres
676 3855 854 3939 schillingoe
869 3854 1075 3931 denariorum,
1100 3876 1190 3923 vnum
1204 3857 1350 3923 florenum
1365 3877 1460 3941 voga-

165 4008 171 4021 -
188 3973 236 4022 ‘en
270 3969 405 4035 nicalem.
429 3967 554 4051 Achacij
569 3988 658 4032 vuum
675 3967 821 4030 florenum
837 3964 1049 4048 rugericalem,
1065 3964 1139 4033 duae
1151 3964 1246 4031 librae
1259 3965 1459 4039 denariorum,

270 4084 333 4145 tree
349 4077 533 4162 ruhilingos,
549 4077 657 4160 viginti
673 4076 824 4142 denarios.
842 4073 906 4156 Quo
923 4074 973 4140 dic
984 4074 1103 4141 achacii
1115 4078 1310 4158 congregatio
1322 4075 1459 4142 omnibus

269 4182 1458 4272 uniuersrtatielectoribueretulitmagisterillequemhabuimusinmutaybm),

309 4479 335 4552 ¹)
354 4478 402 4534 Die
420 4477 528 4532 Wiener
544 4474 704 4530 Univereittt
725 4475 799 4528 batte
817 4472 916 4527 dornale
935 4489 982 4526 aue
1002 4472 1049 4526 cler
1066 4472 1154 4526 bleutb
1171 4490 1203 4526 ru
1216 4472 1259 4546 lpe
1272 4472 1386 4544 jibrlicb
1404 4474 1459 4531 800

343 4569 455 4624 ‘Pseudo
474 4566 599 4639 Psennige
622 4582 653 4620 zu
671 4565 805 4620 berichem
833 4563 923 4635 Vergl.
946 4562 995 4616 eleo
1013 4561 1048 4615 im
1066 4561 1147 4616 Sinne
1164 4560 1212 4616 dee
1228 4562 1410 4618 Teetementee
1429 4566 1460 4619 H.

356 4661 495 4715 bibrecbte
517 4659 560 4713 111.
580 4655 749 4729 rbgefaeeten
768 4653 906 4709 Stistbries
919 4653 951 4707 ll.
971 4653 1121 4716 wilhelme,
1145 4651 1201 4707 olto.
1220 4653 1297 4709 Wlen
1314 4672 1356 4709 am
1368 4656 1393 4708 t.
1406 4655 1459 4711 Juli

357 4752 436 4815 stet,
455 4751 480 4805 in
494 4751 524 4805 li.
538 4749 627 4805 llink'e
641 4746 802 4804 Gcecbiclrte
816 4747 843 4801 d.
855 4745 972 4802 Univere.
986 4745 1008 4810 l,
1020 4745 1047 4810 2,
1059 4745 1096 4800 30
1107 4746 1154 4801 mit
1166 4745 1187 4807 1,
1201 4743 1227 4810 1,
1240 4744 1302 4802 137.
