3300 5342
830 516 911 573 11118.

775 740 952 812 lllDXVlll.

363 874 413 941 14.
430 877 541 942 blertii.
566 876 651 943 Exiui
668 877 788 944 obuiam
808 880 926 964 Regiae
941 880 1082 954 Polonie‚
1107 881 1144 945 l).
1161 881 1259 969 lione.
1284 899 1351 945 eum
1369 880 1471 947 Vine-

269 985 560 1074 dominoAustrip1)
578 986 614 1051 ad
631 993 747 1053 montes
764 988 858 1052 Stirie
873 1008 977 1075 requie.

361 1096 414 1162 18.
430 1096 539 1161 Martii.
567 1094 708 1160 Venimus
724 1095 869 1162 Viennam
885 1118 953 1163 eum
973 1099 1134 1184 triumpho.

359 1203 412 1268 24.
429 1204 538 1269 Martii.
555 1205 708 1271 Exiuimus
715 1204 861 1271 Viennam
873 1226 940 1271 eum
947 1206 1063 1289 Regina
1074 1228 1110 1273 ee
1122 1206 1466 1273 bierobioaetlssimiro.

358 1312 412 1377 29.
430 1311 541 1378 blertii.
565 1313 708 1378 Venimus
725 1312 914 1380 Otomutium.

359 1420 413 1484 30.
437 1419 546 1485 blartii.
588 1420 733 1487 Oratores
767 1423 860 1507 Regis
896 1422 1020 1488 Potonie
1054 1428 1218 1496 venerunt,
1255 1425 1463 1509 suscipientes

271 1525 425 1609 Reginam.
1477 1536 1482 1543 '

380 1639 410 1700 o.
428 1637 548 1721 Aprilis.
574 1638 726 1705 Exiuimns
743 1636 939 1704 Olomuoium.

360 1746 411 1809 lli.
427 1746 549 1831 Aprilis.
572 1746 749 1812 lntreuimus
765 1744 941 1812 Croeouiem
958 1766 1026 1813 eum
1042 1749 1154 1833 insigni
1171 1748 1330 1833 triumpho.

359 1856 412 1921 18.
428 1855 550 1942 Aprilis.
575 1854 735 1922 Coronatio
752 1854 878 1939 Regine.

355 1966 409 2030 20.
426 1965 547 2049 Aprilis.
567 1963 679 2052 Nuptis
694 1964 788 2047 Regis
804 1969 836 2028 et
852 1965 974 2052 Regiae.

355 2072 408 2137 17.
426 2072 548 2157 Aprilis.
573 2073 672 2136 Prima
689 2071 838 2136 audientia
855 2078 966 2137 nostra.

355 2178 407 2243 18.
424 2179 546 2265 Aprilis.
570 2181 678 2245 Prensi
696 2199 798 2245 sumus
813 2200 880 2245 eum
896 2180 981 2264 Rege
998 2186 1029 2244 et
1044 2180 1159 2264 Regina
1175 2201 1232 2246 vna
1248 2202 1361 2246 mensa.

353 2285 407 2352 24.
423 2281 545 2374 Aprilis.
571 2287 712 2353 Secunda
728 2288 877 2353 audientia
893 2294 1007 2353 nostra.

353 2398 407 2461 25.
423 2397 545 2481 Aprilis.
570 2397 676 2460 Pransi
691 2397 796 2461 iterum
812 2416 879 2461 enm
895 2396 1019 2480 Regina.

351 2504 406 2569 28.
422 2505 545 2591 Aprilis.
566 2505 801 2589 Responsionem
818 2504 991 2587 accepimus
1007 2512 1110 2592 nostre
1125 2505 1297 2589 legationis.

355 2614 407 2678 10.
432 2613 513 2678 blaii.
553 2613 694 2679 Redimus
733 2632 770 2677 ex
801 2611 947 2678 cresonia
978 2611 1017 2677 de
1050 2614 1170 2698 nupoiis
1201 2614 1294 2698 Regis
1328 2612 1456 2679 Polonie

262 2721 457 2805 sigismundi.

351 2831 406 2895 01.
430 2831 568 2914 Augusti.
609 2831 652 2894 lui
683 2830 721 2894 ad
751 2827 866 2913 Regem
899 2829 1086 2896 budouieum
1116 2831 1145 2893 in
1174 2831 1328 2915 legatione
1354 2828 1453 2895 solus.

353 2940 405 3007 12.
423 2938 623 3025 Septembris.
647 2938 800 3003 Reuersus
824 2958 861 3002 en
882 2939 1034 3021 legatione
1050 2938 1209 3003 foeliciter.
1235 2940 1300 3003 Diis
1311 2941 1452 3021 gratiam.

348 3048 401 3114 30.
419 3048 619 3132 Septembris.
645 3045 730 3111 llxiui
751 3066 819 3110 oum
834 3047 871 3111 D.
888 3045 993 3131 blraxy
1014 3051 1046 3110 et
1064 3045 1181 3111 dodooo
1201 3048 1452 3132 Oberweinmayr

261 3156 298 3221 ed
314 3156 428 3239 Regem
444 3156 628 3222 Ludouieum
645 3160 677 3218 et
691 3152 878 3220 Conuentum
892 3153 1080 3219 Beeiensem.

369 3266 400 3330 8.
419 3265 570 3330 Octobris.
595 3263 737 3327 Venimus
752 3263 884 3328 Basiam.

347 3375 399 3440 ll.
417 3372 570 3438 Octobris.
594 3371 758 3436 Habuimus
773 3371 964 3436 audientiam.

345 3482 398 3545 22.
417 3480 567 3546 Octobris.
592 3479 754 3545 Habuimus
770 3500 960 3566 responsum.

343 3590 396 3654 23.
415 3589 567 3654 Octobris.
591 3588 803 3655 Discessimus.

343 3697 397 3761 26.
415 3696 567 3761 Octobris.
593 3695 735 3761 Venimus
752 3696 876 3761 Budam.

364 3807 395 3870 li.
412 3804 600 3869 Nouembris.
626 3805 659 3869 S.
676 3804 813 3869 Rmeriei.
828 3803 1025 3887 imposuimus
1041 3803 1117 3887 Regi
1132 3803 1288 3869 Ludouioo
1305 3802 1445 3868 ordinem

251 3917 334 3981 aurei
361 3915 481 3980 velleris
509 3932 576 3978 eum
605 3930 712 3995 magne
739 3912 945 3977 solemnitate:
981 3910 1017 3974 l).
1042 3911 1155 3993 lirare,
1184 3930 1243 3995 ego
1270 3916 1301 3975 et
1324 3911 1441 3984 Selius,

250 4024 410 4090 beroaldus
431 4023 522 4105 Regis
548 4019 696 4086 Catholici
720 4019 829 4085 Caroli
861 4020 897 4083 Et
919 4021 950 4082 in
972 4018 1098 4104 prandio
1125 4039 1191 4083 oum
1219 4019 1302 4102 Rege
1332 4021 1442 4083 trium-

250 4132 419 4218 phauimus.

364 4243 395 4307 i.
411 4238 601 4305 Nouembris.
623 4237 735 4303 lterum
750 4239 855 4323 pransi
871 4256 937 4302 oum
953 4236 1048 4318 Rege.

342 4350 394 4414 10.
410 4346 600 4414 Nouembris.
624 4345 751 4409 Reuersi
766 4345 920 4409 Viennam.

322 4689 349 4762 ¹)
368 4692 486 4747 Laurens
499 4688 604 4744 Saurer.
