3300 5342
259 411 309 484 24
813 434 892 492 soso.

257 586 382 654 neribus
404 588 534 672 quinque
556 584 649 669 nsque
670 583 707 649 ad
730 583 846 650 cassum
861 588 1182 670 000100000000010,
1203 583 1341 649 Secunda
1357 582 1445 659 serio,

256 696 426 761 immediate
446 696 591 782 sequenti,
612 696 643 758 in
661 693 792 759 ecclesia
809 695 842 759 S.
861 694 1008 779 Stephani
1030 694 1112 760 dicte
1136 694 1194 760 deo
1210 693 1275 759 sont
1290 694 1390 778 gratie
1406 692 1446 758 de
1478 755 1482 763 .

256 807 308 872 issa
323 804 536 871 misericordia.
559 804 671 887 Ingens
688 801 817 889 populns
830 807 860 868 in
870 803 1023 869 oss'ertorio
1037 804 1129 870 officii
1141 803 1180 868 de
1192 804 1325 898 trinitate
1334 802 1445 869 saneta.

258 917 322 1002 Qua
335 914 467 982 secunda
478 913 564 987 seria,
582 913 656 976 hora
670 910 804 997 septima,
826 913 941 978 inimici
952 914 1090 990 {turmam
1101 915 1242 980 iecerunt
1253 914 1445 979 incinitasem

256 1025 412 1108 neuburgo
427 1022 568 1094 sorensis,
586 1019 636 1084 sed
651 1019 774 1084 mustum
790 1019 858 1085 sesi.
889 1019 993 1088 Coeeti
1016 1025 1106 1110 etiam
1130 1023 1169 1088 de
1196 1008 1280 1087 moro
1302 1023 1445 1096 civitatis,

256 1155 344 1223 quam
371 1133 411 1221 (s
431 1129 536 1218 quem)
560 1150 639 1194 nunc
660 1130 914 1206 conscenderant,
936 1131 1001 1198 sunt
1024 1138 1110 1223 terga
1127 1132 1212 1200 dare.
1258 1133 1446 1218 stemusque

150 1301 156 1314 .
172 1268 225 1315 mo.
257 1244 390 1331 sequenti
406 1248 476 1329 post
489 1241 605 1328 sophie,
621 1261 679 1325 que
695 1246 761 1307 erat
776 1241 843 1307 dies
859 1242 1019 1317 dominica,
1035 1243 1109 1310 duas
1125 1242 1220 1310 sibras
1236 1242 1266 1307 0.
1280 1244 1300 1308 ss
1314 1242 1335 1306 s.
1351 1244 1391 1308 13
1404 1241 1446 1317 0.,

257 1375 352 1442 panes
368 1372 493 1436 magnos
509 1357 572 1416 tres
589 1371 625 1415 ex
640 1350 806 1436 neuburga,
823 1373 932 1440 perros
947 1357 1011 1418 tres
1028 1374 1064 1418 ex
1080 1352 1246 1437 neuburgo.
1269 1354 1345 1419 stem
1356 1372 1446 1418 onum

257 1482 396 1546 magnum
419 1467 449 1527 et
471 1462 656 1547 placentam,
682 1459 830 1526 vasentem
845 1462 1042 1547 qnadraginta
1058 1468 1127 1528 octo
1143 1463 1173 1527 d.
1220 1461 1295 1527 stem
1318 1460 1448 1527 mediam

258 1568 416 1639 maswasie.
441 1571 483 1635 Ea
499 1574 588 1635 nocte
603 1569 863 1641 Wusssenderss‘er,
886 1574 1061 1657 capitaneus
1078 1569 1213 1647 Cesaris,
1237 1578 1308 1657 post
1331 1571 1447 1636 libera-

258 1684 372 1748 tionem
388 1679 475 1746 castri
487 1682 603 1774 (noec
619 1683 792 1767 civitatis)
812 1681 840 1770 ¹)
863 1701 901 1747 ex
916 1681 1085 1758 obsidione,
1107 1681 1163 1747 isit
1177 1681 1215 1746 ad
1230 1682 1354 1768 padam,
1370 1682 1447 1746 cini·

257 1799 349 1859 tatem
373 1798 545 1865 termarum,
575 1811 642 1857 coro
670 1792 735 1856 sere
761 1792 956 1876 octingentis.
991 1792 1030 1855 Et
1048 1793 1079 1856 vi
1099 1791 1296 1875 ingrediens,
1313 1792 1448 1879 padanos

258 1900 457 1989 depredatos
483 1901 632 1986 captivat,
662 1905 693 1964 et
715 1921 754 1965 ne
782 1903 961 1968 incenderet
980 1902 1085 1968 domos
1110 1922 1248 1986 magnam
1270 1924 1306 1969 ex
1321 1903 1447 1989 pedanio

258 2013 378 2097 accepit
388 2011 556 2107 pecuniam
579 2009 617 2074 ut
629 2009 670 2074 sic
683 2010 809 2076 recessit
819 2011 859 2076 ed
871 2032 977 2077 noram
987 2013 1148 2077 civitatem.
1165 2012 1302 2087 Revenit,
1315 2012 1448 2079 secunde

150 2144 225 2190 ‚nnn
257 2124 334 2188 seria
350 2126 419 2186 aute
434 2096 661 2213 penthecostes,
678 2138 746 2185 cnm
765 2122 830 2186 300
847 2120 997 2207 equitibus
1013 2126 1045 2186 et
1056 2122 1122 2187 300
1143 2121 1312 2208 peditibus,
1335 2120 1449 2187 radens

151 2285 158 2298 .
175 2252 223 2300 ue.
257 2236 361 2319 quarta
376 2231 454 2296 seria
469 2220 540 2295 ante
555 2229 768 2315 penthecostes
785 2229 823 2294 ad
838 2230 961 2304 tusnam,
990 2230 1062 2295 inde
1078 2232 1175 2296 ituros
1191 2251 1298 2296 versus
1313 2229 1448 2297 neubur-

259 2363 328 2427 gam
344 2341 496 2406 sorensem
513 2360 580 2406 eum
596 2341 741 2415 exercitu,
759 2341 808 2426 qni
825 2360 863 2405 en
878 2340 975 2424 patria
990 2360 1056 2406 meo
1073 2340 1160 2426 supra
1176 2341 1300 2406 hnasum
1316 2360 1449 2426 congre·

153 2496 159 2509 ·
259 2457 358 2536 gatru,
374 2456 407 2517 nt
418 2450 568 2515 exercitus
579 2452 664 2534 regis
676 2450 918 2534 Ungariaeoirca
930 2450 1116 2534 neuburgam
1129 2454 1279 2517 sorensem
1291 2452 1450 2517 obsessam

260 2560 460 2648 depellantur.
484 2561 567 2625 Deus
584 2558 636 2624 det
651 2561 692 2624 ita
710 2559 792 2625 fieri!
816 2560 891 2625 stem
915 2561 1006 2645 usque
1027 2560 1135 2626 sextam
1160 2562 1265 2627 seriam
1286 2565 1357 2627 ante
1370 2581 1449 2647 pen·

153 2691 183 2737 .·
217 2723 224 2737 .
260 2670 425 2742 thecosses,
449 2667 481 2732 id
503 2673 549 2733 est
574 2674 680 2754 quarta
692 2668 920 2751 junii‚·netasis
936 2669 1128 2754 primogeniti
1144 2669 1197 2734 sissi
1213 2672 1271 2735 mei
1290 2668 1449 2756 heoposdi,

259 2785 386 2866 quatuor
402 2779 533 2843 florenos
551 2777 752 2861 ungaricases,
770 2780 911 2844 senenses
928 2786 1002 2852 tres,
1020 2779 1112 2844 sibras
1128 2782 1157 2847 d.
1176 2780 1206 2853 3,
1223 2784 1292 2845 octo
1309 2778 1351 2853 0.,
1375 2799 1450 2864 pas·

259 2910 327 2956 sum
343 2909 450 2974 panem
467 2894 498 2953 et
518 2891 684 2954 maximum.
716 2889 758 2953 sse
784 2891 834 2954 die
855 2889 940 2955 indui
963 2891 1094 2956 tunicam
1111 2910 1217 2955 novam
1234 2895 1266 2954 et
1282 2890 1449 2976 capucium,

259 2999 361 3065 rasore
377 2997 514 3064 undecim
532 3000 711 3063 florenorum
726 2999 955 3082 ungaricasinm.
972 3000 1023 3085 (p.
1042 3000 1098 3084 o.)
1115 2999 1187 3063 Item
1203 3018 1300 3084 nsque
1316 2997 1354 3062 ad
1371 2999 1451 3091 diem

152 3162 159 3175 .
177 3128 222 3175 ’m
261 3109 358 3183 Viti,
381 3109 461 3174 diem
475 3111 595 3195 inquam
610 3110 666 3173 toti
682 3110 803 3173 Austrie
821 3108 988 3173 deflendam
1007 3104 1054 3193 ²),
1086 3108 1160 3173 duos
1177 3109 1308 3173 ssorenos
1324 3092 1450 3192 ungasi-

130 3457 168 3503 20.
181 3456 225 3516 jun

260 3220 368 3284 casese
385 3217 535 3304 preposito
553 3219 586 3283 S.
604 3217 759 3283 dorothee.
777 3218 810 3281 ln
826 3218 930 3302 uigilia
943 3218 1004 3284 Viti
1020 3220 1130 3284 iterum
1146 3218 1222 3283 doos
1239 3219 1372 3284 florenos
1390 3240 1448 3283 un-

260 3329 409 3412 garicases
425 3349 442 3393 a
458 3327 596 3393 mosetica
612 3327 853 3414 gruenpeschin.
899 3327 973 3394 stem
991 3349 1076 3394 unam
1091 3327 1197 3393 libram
1209 3328 1238 3398 0.
1253 3329 1296 3394 90
1306 3327 1335 3392 0.
1374 3328 1451 3393 stem

227 3489 234 3502 .
261 3438 404 3524 usquead
422 3439 501 3523 petri
518 3439 547 3501 dc
563 3438 644 3522 pansi
660 3443 724 3504 tres
741 3439 872 3504 florenos
887 3440 1039 3514 renenses‚
1057 3443 1121 3504 tres
1137 3439 1232 3504 sibras
1244 3438 1286 3513 0.,
1298 3440 1346 3503 ein
1358 3439 1451 3504 strioh

261 3546 360 3612 messs.
384 3549 448 3631 Quo
465 3546 586 3633 quidem
602 3549 651 3614 die
667 3546 747 3614 fissus
769 3550 930 3632 gregorios
955 3551 986 3614 in
1007 3553 1133 3613 mortem
1150 3549 1217 3614 sere
1232 3548 1448 3614 infirmabatur.

135 3676 159 3720 c.
175 3675 216 3733 jus.
261 3658 335 3721 stem
360 3656 536 3722 visitationis
563 3658 656 3721 marie
684 3677 772 3722 unum
802 3658 947 3722 serenum
968 3656 1174 3740 nogariensem
1196 3659 1226 3721 or
1253 3658 1384 3723 medinm
1412 3658 1450 3723 ab

262 3767 424 3831 examinato
444 3764 482 3829 ad
507 3765 690 3831 licentiosum
714 3767 744 3830 in
767 3765 932 3840 medicina,
954 3767 1100 3851 magistro
1117 3767 1220 3833 Usrieo
1242 3789 1279 3833 ex
1295 3768 1450 3853 neuburgo

297 4090 324 4167 ¹)
343 4091 391 4149 Die
403 4092 559 4165 Ergsnzung
575 4092 609 4145 ist
620 4091 703 4147 doreh
716 4091 763 4147 das
777 4093 911 4163 Fosgende
924 4091 1067 4163 gesiehert,
1095 4093 1161 4147 sosst
1173 4092 1212 4147 sie
1225 4091 1283 4147 sich
1296 4094 1363 4148 auch
1378 4091 1452 4148 nieht

322 4167 390 4238 'aus
411 4199 524 4237 unscren
541 4182 692 4253 bisherigcn
711 4183 821 4249 Quessen
839 4182 962 4255 sestigeu.
990 4183 1069 4238 Diese
1088 4183 1148 4237 sind
1161 4184 1224 4239 aber
1238 4183 1304 4238 auch
1318 4182 1344 4236 in
1356 4182 1451 4237 hohem

343 4274 432 4330 Grede
445 4273 607 4343 mangeshast
620 4292 651 4328 nn
664 4290 773 4347 neuneu.

295 4364 324 4438 ²)
343 4365 420 4419 Diese
439 4364 632 4436 merswdrdige
652 4364 735 4419 Stesse
754 4365 823 4419 sehrt
840 4381 905 4428 uns,
930 4365 992 4419 dass
1005 4364 1088 4420 durch
1101 4365 1172 4420 mehr
1185 4365 1224 4420 ass
1244 4365 1450 4421 0001000000-

341 4457 418 4511 dente
439 4457 487 4511 der
509 4455 650 4527 Jahrestag
671 4455 719 4510 der
741 4454 868 4510 Sohsnoht
889 4472 922 4509 an
939 4456 987 4511 der
1003 4456 1079 4512 heito
1101 4456 1159 4512 dem
1180 4456 1382 4511 Oesterreioher
1407 4456 1450 4511 ein

343 4548 401 4619 Tag
419 4547 467 4602 der
484 4547 584 4601 'shaner
603 4547 683 4602 blicb.
710 4546 759 4601 Ein
778 4546 943 4602 ehrenvosse's
961 4547 1088 4622 Zeogniss
1107 4548 1149 4603 sur
1167 4548 1215 4603 das
1235 4548 1451 4604 sserrscherhsns

344 4639 602 4710 derBabenberger!
807 4627 810 4632 ’
