3300 5342
724 520 801 575 1484,
1303 490 1348 562 21

166 685 301 730 cesarem
317 667 459 747 ingram,
475 669 508 730 ut
519 665 698 750 respoudeat
711 667 794 732 cesar
809 668 907 732 literis
922 687 940 731 a
956 667 1079 733 ciuitate
1089 665 1354 732 Viennensrmisois

165 776 246 840 circa
269 776 400 840 martini.
435 775 610 863 (Mirabile,
637 775 716 862 quod
734 778 779 841 sic
802 777 886 842 cesar
906 782 991 843 curat
1013 777 1051 842 de
1072 775 1203 849 Vienna,
1232 779 1266 840 ut
1288 775 1354 858 ejus

165 880 270 948 literas
279 886 316 953 in
336 885 377 950 13
394 881 610 950 ebdomadibus
635 906 693 950 oon
715 885 851 950 admittat
860 886 887 972 1)
934 885 1007 951 ltem
1035 890 1139 950 octaua
1163 884 1273 958 marci,
1295 884 1354 948 boc
1387 911 1411 958 ιι,
1428 914 1496 959 „mg

164 998 212 1058 est
238 992 290 1057 dic
315 993 419 1058 thome
434 996 597 1081 aquinatis,
632 995 682 1080 qui
703 996 811 1060 natalis
829 996 873 1060 ost
896 995 950 1060 tilii
967 997 1026 1060 mei
1042 994 1196 1081 gregorii,
1227 986 1353 1079 quatuor

165 1101 258 1168 libras
275 1102 305 1167 d.
323 1102 367 1168 58
383 1102 424 1179 d.,
437 1108 504 1174 *tres
519 1124 601 1169 ares.
626 1104 737 1187 Quarta
759 1104 864 1168 marcii
887 1106 1000 1171 inimici
1014 1104 1161 1170 ducentos
1178 1102 1352 1188 etamplius
1385 1129 1409 1178 ι,
1426 1133 1493 1178 nort.

165 1212 312 1285 homines,
330 1212 416 1279 dorso
432 1213 656 1279 commestibilia
673 1213 732 1278 buc
747 1218 913 1299 portantes.
929 1214 1164 1299 captiuareruut.
1182 1217 1213 1277 et
1227 1232 1266 1278 ue
1282 1212 1353 1277 dum

167 1319 244 1395 illos,
261 1321 319 1387 sed
335 1326 366 1386 et
382 1321 424 1387 14
440 1322 557 1407 equites
574 1329 694 1387 nostros
710 1328 742 1387 et
757 1323 878 1408 pedites
896 1324 948 1397 dd.
964 1325 1015 1409 qui
1032 1323 1149 1388 obviam
1164 1321 1353 1409 portantibus

168 1429 340 1497 auxiliando
356 1431 466 1515 egresh
482 1432 555 1496 sunt.
603 1431 675 1497 ltem
692 1432 777 1496 cesar
792 1432 945 1517 respondit
960 1432 1072 1503 literis,
1097 1438 1128 1496 et
1143 1432 1243 1497 nuncii
1260 1452 1354 1497 uene·

165 1544 234 1604 runt
249 1560 356 1625 parum
373 1540 434 1625 spei
451 1530 623 1606 afferentes.
647 1540 739 1607 Cesar
760 1562 798 1606 ex
819 1560 913 1624 greca
937 1561 1044 1606 versus
1067 1542 1147 1606 linco
1163 1541 1269 1627 dirigit
1284 1542 1352 1614 iter,

163 1652 194 1713 et
216 1649 268 1715 sua
294 1649 496 1733 chunigundis
524 1650 595 1715 lilia.
620 1650 701 1716 Prulr
722 1652 810 1737 super
833 1649 903 1715 leita
919 1670 1024 1735 regem
1039 1651 1178 1716 mathiam
1202 1650 1352 1716 domiuum

162 1757 324 1831 assumunt,
349 1758 398 1823 die
420 1761 552 1825 mathiae
578 1762 660 1846 (25.
674 1761 792 1846 febr),
821 1780 926 1824 rerum
949 1761 1075 1825 castrum
1101 1760 1232 1825 ciuitatis
1257 1780 1352 1846 usque

161 1867 253 1933 hodie
262 1867 318 1932 srbi
329 1868 445 1934 resistit.
461 1869 526 1934 Emi
535 1872 661 1936 mediam
674 1875 829 1936 metretam
841 1868 926 1934 ordei
939 1890 994 1955 pro
1006 1870 1139 1955 quinque
1151 1870 1180 1935 d.
1191 1869 1251 1935 ott
1262 1869 1351 1944 ind..

162 1982 299 2042 ochram
321 1983 449 2042 metrete
471 1979 600 2063 pisorum
624 2001 678 2066 pro
702 1979 761 2053 45,
789 1979 864 2044 duas
885 1984 1028 2045 metretas
1052 1999 1146 2044 arene
1169 1999 1225 2065 pro
1252 1978 1352 2045 medio

161 2092 278 2153 tlureuo
294 2088 473 2170 ungaricali
489 2094 623 2155 octavam
639 2093 765 2155 metreta
781 2089 854 2153 milii
871 2108 926 2175 pro
943 2087 986 2153 32
999 2088 1040 2164 d.,
1053 2088 1188 2155 similiter
1200 2094 1231 2154 et
1241 2088 1349 2172 griesz.

161 2196 306 2261 Octavam
323 2198 445 2282 canapis
459 2218 515 2283 pro
532 2200 576 2263 22
592 2199 621 2264 d.
635 2200 730 2265 llodie
742 2203 853 2271 honen,
865 2196 983 2263 scilicet
999 2198 1050 2263 die
1067 2197 1170 2263 thome
1189 2198 1349 2284 aquinatis,
1383 2226 1405 2273 r.
1422 2228 1489 2274 „mg

160 2306 227 2371 sere
237 2311 359 2371 eentum
371 2307 507 2391 persone,
521 2308 607 2373 dorso
619 2309 752 2374 terentes
759 2306 912 2382 victualia,
924 2312 1007 2372 trans
1020 2308 1180 2375 danubium
1192 2313 1348 2374 venerunt

97 2410 101 2419 ’
160 2415 234 2481 ltem
262 2416 398 2502 sequenti
421 2423 490 2502 post
510 2417 612 2483 thome
635 2418 788 2501 theologie
808 2417 916 2482 doctor
939 2417 1082 2504 magister
1107 2418 1349 2494 bartholomaeus
1382 2444 1405 2491 ιι,
1422 2448 1490 2493 nero

160 2524 285 2600 ticbtel,
310 2526 443 2592 ecclesio
465 2528 651 2593 cathedralis
672 2528 840 2593 viennensis
856 2527 1035 2601 canonicus,
1064 2529 1178 2613 incepit
1198 2528 1302 2611 legere
1318 2528 1349 2591 in

158 2634 324 2718 theologia,
340 2640 465 2721 accepta
480 2635 595 2702 lectura
612 2637 650 2702 ab
661 2638 853 2724 imperatore.
870 2636 974 2702 Pridie
984 2637 1121 2721 gregorii
1132 2658 1211 2725 papo
1223 2636 1349 2702 castrum
1368 2664 1405 2710 ιι,
1422 2666 1490 2711 nort

160 2744 189 2809 in
204 2744 283 2831 prulr
300 2743 363 2809 aud
373 2743 429 2810 der
443 2745 568 2831 beyttou
583 2747 613 2811 ri
630 2746 755 2832 capitur.
769 2746 825 2811 Die
840 2747 975 2830 gregorii
991 2746 1061 2832 cepi
1077 2768 1115 2812 ex
1129 2751 1217 2831 parte
1231 2744 1349 2812 lecturo
1367 2773 1405 2822 12.
1422 2776 1490 2821 mo„

160 2874 226 2918 mee
242 2855 274 2918 in
290 2854 440 2920 medicina
456 2859 523 2921 octo
538 2855 630 2921 libras
640 2857 670 2921 d.
682 2877 738 2941 pro
749 2857 871 2940 angaria
883 2877 899 2920 a
910 2855 985 2921 festo
994 2855 1186 2941 pentecostes
1197 2854 1236 2920 ad
1248 2857 1348 2921 crucis

165 2965 233 3028 anui
252 2963 351 3030 1482.
375 2963 451 3030 Pilia
466 2966 669 3051 Imperatoris,
685 2970 718 3031 ut
733 2966 819 3052 supra
835 2966 938 3051 scripsi
960 2964 999 3053 ¹),
1016 2965 1045 3029 ie
1062 2965 1163 3037 babet,
1180 2964 1230 3029 sed
1245 2964 1347 3039 bodie,

162 3073 218 3139 hoc
234 3073 279 3138 est
294 3073 344 3139 die
360 3074 531 3150 Benedicti,
558 3074 607 3163 (iu
623 3074 699 3164 quo)
716 3074 747 3163 ¹)
775 3074 902 3140 nuncius
918 3095 955 3140 ex
974 3093 1067 3157 greco
1082 3075 1180 3149 veuit,
1209 3074 1248 3139 de
1264 3079 1347 3139 certo
1366 3102 1405 3149 2¹.
1421 3105 1487 3149 nort

156 3181 278 3254 ‘diceus
296 3183 394 3248 adbuc
409 3186 618 3269 imperatorem
633 3187 664 3249 io
680 3205 772 3269 grecz
789 3184 860 3251 esse.
908 3184 980 3249 ltem
1005 3184 1055 3249 die
1075 3183 1233 3249 benedicti
1258 3184 1348 3251 habui

163 3292 234 3357 duas
250 3290 346 3357 libras
362 3292 391 3357 d.
410 3295 452 3359 69
469 3293 510 3368 d.,
526 3299 558 3359 et
573 3314 612 3360 ex
625 3294 753 3379 propina
769 3293 898 3358 medium
915 3292 1051 3359 octauale
1067 3292 1165 3376 griesz
1181 3298 1213 3357 et
1223 3294 1348 3377 triginta

161 3403 225 3486 pira
243 3422 281 3466 ex
296 3401 402 3484 regula
420 3421 527 3467 nomeu
544 3403 732 3488 accipiencia
751 3403 790 3487 ⁸).
818 3401 868 3476 Et,
890 3423 908 3467 o
932 3401 1009 3467 male
1029 3403 1169 3467 multumt
1192 3403 1222 3466 in
1245 3402 1349 3485 vigilia

161 3510 323 3586 benedicti,
340 3531 399 3597 que
414 3516 480 3576 erat
494 3512 619 3578 sabatho
633 3519 702 3577 ante
717 3511 870 3577 benedicti
887 3518 918 3577 et
933 3512 1024 3585 oculi,
1041 3532 1098 3575 uua
1115 3516 1239 3577 metreta
1256 3513 1347 3593 tritici
1364 3541 1404 3587 ω,
1419 3542 1486 3587 ma„

162 3622 224 3685 risa
236 3625 284 3686 est
296 3623 355 3686 emi
366 3642 421 3707 pro
433 3642 491 3686 una
502 3620 576 3686 libra
590 3622 620 3686 d.
632 3621 731 3687 Cauiis
745 3627 835 3708 caput
845 3620 1108 3708 imperialis‚quod
1120 3620 1279 3708 aliquando
1288 3623 1347 3686 emi

161 3732 255 3815 potuit
266 3751 322 3815 pro
334 3730 433 3805 obulo,
441 3736 573 3815 emptum
586 3732 629 3796 est
638 3752 692 3817 pro
702 3731 731 3796 d.
741 3731 880 3817 Quinque
891 3733 979 3796 immo
992 3730 1127 3816 serilape
1135 3729 1275 3813 oblonge‚
1287 3749 1347 3816 que

162 3846 260 3925 empto
275 3840 341 3905 suut
355 3840 512 3928 aliquando
529 3862 584 3927 pro
600 3841 700 3916 obulo,
717 3847 854 3907 emuntur
864 3860 919 3926 pro
937 3841 957 3904 7
975 3840 1004 3904 d.
1036 3839 1109 3903 ltem
1127 3840 1260 3927 sequenti
1275 3845 1347 3925 post

161 3947 313 4015 benedieti
341 3950 399 4014 emi
422 3953 580 4021 mehetam
604 3950 722 4037 plenam
746 3953 853 4035 panis,
880 3950 968 4015 intuli
989 3954 1021 4015 et
1041 3949 1208 4015 madefacti·
1222 3950 1253 4013 iu
1269 3969 1345 4036 aqua
1362 3977 1402 4021 22,
1418 3978 1486 4023 mro

242 4278 305 4333 ilier
316 4277 383 4332 teblt
395 4278 509 4333 oseubor
522 4277 564 4333 die
577 4278 684 4349 Angabe
699 4277 747 4331 des
760 4276 1008 4332 Ausentbaltsortos.
1034 4276 1190 4331 Vormutheu
1207 4276 1274 4331 ltsst
1290 4274 1347 4330 sich

243 4369 371 4436 „bineii.“

197 4276 223 4349 ¹)

196 4459 224 4534 ²)
242 4462 280 4516 lst
293 4461 361 4515 wohl
374 4478 405 4514 zu
418 4460 560 4515 streieben.

197 4549 225 4624 ⁸)
243 4550 297 4605 Ans
312 4551 360 4605 der
378 4550 451 4606 Tasel
469 4550 588 4605 Biscbosa
607 4552 708 4623 liupert
725 4570 774 4606 rou
791 4551 952 4622 Strassbnrg
969 4549 1121 4603 ersebeiueu
1141 4548 1174 4602 im
1186 4549 1265 4603 dabre
1277 4548 1347 4603 1449

243 4641 282 4696 als
297 4641 394 4696 llesbrt
411 4640 651 4712 „stegels·llieru.“
677 4642 735 4696 Mun
754 4642 818 4695 sebe
837 4641 880 4696 die
895 4642 1058 4711 husathluog
1079 4639 1104 4693 ih
1117 4639 1254 4694 Sobilter's
1273 4640 1347 4694 The·

242 4749 335 4787 saurus
354 4733 379 4793 b
397 4732 441 4788 uu.
