3300 5342
743 427 820 482 ¹485.
1325 398 1374 469 37

183 579 215 638 ct
232 575 320 640 ducis
337 574 454 639 dustria
470 572 602 638 subditos
619 573 690 638 duci
706 574 822 639 bustric
844 594 900 659 par
921 593 1024 659 regern
1051 576 1171 658 nugaria
1194 575 1225 639 in
1249 573 1375 639 candem

180 684 322 768 captiuos
335 683 466 748 duccrc!
491 682 636 765 Quamdiu
653 682 715 747 estu
732 682 890 766 negligens
908 683 967 747 dux
984 683 1121 748 bustric?

273 793 469 866 Erubesccrc.
486 791 663 856 erubescere
678 796 709 856 at
724 791 866 856 miserore
881 812 1046 876 pauperum
1063 796 1197 857 tuorum!
1216 772 1219 779 ¹

272 902 346 967 ltcm
370 898 425 968 24.
451 900 596 974 octobris,
617 902 648 995 iu
664 899 722 965 bac
739 901 873 965 cisraiani
890 900 1022 966 dictione
1040 900 1095 972 vc,
1112 901 1173 965 liar
1190 908 1220 967 et
1236 901 1372 966 daminus
1391 919 1430 967 24.
1447 923 1494 966 occ

180 1015 281 1079 noster
287 1014 420 1078 blatlaias
431 1012 552 1077 ridendi
564 1012 667 1095 gracia
680 1014 766 1076 venit·
775 1011 813 1076 ad
826 1010 969 1098 reliquiar
981 1012 1077 1076 sancti
1086 1011 1233 1096 Stephani
1247 1012 1371 1077 Vienna.

180 1123 219 1188 Et
237 1124 354 1188 interca
372 1122 451 1187 cadit
466 1121 581 1205 grando
598 1125 630 1185 ct
646 1122 695 1187 nix
710 1123 804 1206 prima
822 1123 909 1186 huius
929 1122 1007 1185 anni.
1028 1120 1166 1206 'salisque
1191 1121 1239 1184 nix
1261 1140 1296 1185 on
1317 1122 1373 1185 suit
1447 1159 1451 1167 ·

181 1239 293 1305 nocte,
315 1239 349 1296 ut
369 1231 475 1296 salicos
497 1232 569 1296 mibi
594 1230 720 1294 laniaret
735 1236 766 1294 et
781 1250 886 1295 omncs
901 1228 967 1294 scre
984 1228 1107 1294 arborco
1124 1229 1153 1292 iu
1170 1234 1235 1293 orto
1251 1250 1316 1293 mco
1334 1230 1370 1294 ad

180 1348 293 1405 terram
311 1340 455 1405 traheret.
475 1339 508 1403 ln
524 1340 625 1422 vigilia
642 1339 762 1403 martini
777 1343 841 1403 tras
857 1338 953 1404 libras
970 1339 1177 1411 denariorum,
1201 1344 1265 1404 trac
1281 1337 1368 1405 sobil·
1392 1357 1429 1403 ro.
1441 1373 1493 1405 nov.

177 1450 292 1534 liugos,
308 1452 353 1516 20
369 1449 518 1514 denarios.
545 1448 582 1512 ct
596 1447 803 1513 monasterium
820 1448 851 1512 in
867 1449 1023 1534 neuburgo
1034 1448 1181 1513 claustrali
1193 1464 1278 1511 roam
1291 1448 1370 1511 llar-
1413 1483 1415 1489 π

178 1568 274 1624 ratam
299 1559 399 1633 musti,
421 1562 598 1645 propterca,
621 1557 700 1642 quod
726 1576 829 1623 eorum
846 1558 981 1623 medicus
998 1579 1096 1623 rarus.
1122 1558 1274 1622 Pretorito
1291 1575 1368 1621 anno

177 1669 251 1734 nibil
268 1669 431 1739 dederuut.
452 1666 503 1731 scd
519 1666 617 1731 adbuc
633 1665 812 1749 obligantur.
860 1666 932 1732 Itum
954 1668 1045 1752 usquc
1068 1667 1106 1732 ad
1127 1669 1205 1733 diam
1232 1666 1369 1733 Sancti

177 1776 386 1862 Leopoldi,
402 1776 517 1842 bustric
533 1776 705 1847 marmonio,
723 1773 921 1861 (Benedictus
938 1776 1011 1842 deus
1028 1778 1057 1841 iu
1079 1777 1128 1842 sua
1146 1775 1253 1841 deifica
1274 1776 1368 1841 maie-
1389 1794 1427 1841 ra
1443 1809 1496 1853 noy.

176 1888 267 1953 slata!
292 1886 356 1951 lloc
372 1906 449 1951 auno
465 1886 590 1960 cunia,
607 1883 657 1950 uel
673 1883 758 1951 sudes
774 1888 942 1971 principum
959 1888 1073 1951 bustric
1086 1886 1187 1971 (per)
1200 1884 1367 1972 principem

174 2003 330 2062 terrenum
345 1999 462 2070 coacta,
478 1995 609 2060 declinat
622 1993 749 2059 turbata.
775 1994 813 2058 Et
828 1994 888 2058 icta
905 1996 1024 2082 quidem
1040 1995 1170 2061 sanctum
1186 1993 1271 2058 istum
1285 1995 1366 2060 Lao·

175 2105 298 2192 poldum
315 2105 432 2170 assumit
447 2104 562 2170 bustric
577 2105 757 2190 principem.
791 2104 859 2169 Non
880 2106 976 2189 potuit
996 2104 1111 2170 dustria
1133 2103 1220 2169 ledea
1238 2102 1365 2168 eliasub

176 2215 307 2280 domicio
322 2215 442 2300 lmpcrij
458 2220 489 2278 ct
503 2212 616 2279 babcro
632 2212 711 2278 bunc
727 2212 858 2279 sanctum
875 2215 938 2279 aius
950 2215 1139 2300 principem?
1162 2212 1225 2277 lloc
1238 2230 1314 2276 anno
1328 2212 1365 2278 ab
1398 2196 1401 2201 ⁶

175 2324 305 2408 lmpcrio
322 2322 435 2388 cecidit
451 2323 558 2408 primo,
575 2321 649 2387 alias
662 2325 732 2386 anta
745 2341 914 2408 numquam.
933 2323 995 2387 lloc
1008 2342 1084 2387 auno
1096 2322 1187 2387 babct
1199 2322 1364 2407 principem

176 2434 308 2499 sanctum
323 2435 428 2519 primo,
444 2431 519 2497 alias
535 2435 604 2496 anta
621 2450 789 2516 numquam.
815 2429 910 2512 Quid,
932 2451 949 2494 o
966 2429 1044 2495 bonc
1061 2430 1153 2505 douo.
1182 2432 1319 2496 secarunt
1334 2433 1365 2495 iu

176 2549 206 2607 tc
221 2543 383 2628 Imperium
399 2547 430 2608 ot
445 2542 588 2626 princeps
603 2539 718 2604 nonne
735 2539 814 2625 quod
836 2539 888 2605 sub
909 2538 1044 2605 manibus
1062 2560 1165 2606 eorum
1181 2541 1231 2605 bic
1246 2539 1363 2605 sanctur

176 2674 235 2717 uun
251 2654 342 2717 suerit
352 2648 576 2736 canonisatuoi)
594 2649 725 2734 quinqua
736 2646 830 2712 libraa
842 2649 1033 2715 denariorum
1044 2671 1061 2714 a
1073 2650 1249 2715 monasterio
1262 2648 1364 2715 lancta

176 2762 333 2827 dorotbec.
357 2760 438 2826 Alica
455 2759 531 2826 duos
543 2761 673 2824 florenos
688 2757 841 2831 renensca,
854 2757 927 2824 duaa
939 2758 1031 2825 libras
1044 2757 1243 2833 (lanariorum,
1253 2759 1362 2825 naue-

176 2872 288 2934 uarioa.
312 2868 477 2934 Clementis
487 2868 562 2933 duos
572 2870 703 2934 florenos
719 2866 869 2939 recenseo,
894 2866 968 2932 duas
984 2858 1076 2933 libras
1093 2868 1291 2933 donariorum.
1319 2869 1363 2932 Eo
1383 2889 1422 2935 aa.
1438 2904 1492 2936 nov.

176 2981 225 3046 dic
241 2981 318 3044 mma
334 2979 373 3043 dc
389 2984 486 3042 morta
502 2977 603 3041 fratria
616 2977 731 3061 regine,
747 2975 908 3040 cardinalia
921 2976 1070 3042 cuiusdam
1086 2977 1125 3065 ί).
1142 2976 1262 3043 Andrca
1274 2997 1361 3043 vnum

176 3091 320 3155 domnum
343 3087 513 3161 nonensem,
538 3091 664 3173 quatuor
689 3084 865 3167 schillingoa
881 3084 1080 3150 denariorum.
1127 3087 1201 3152 ltcno
1216 3087 1308 3173 usqua
1325 3086 1362 3149 ad

175 3204 310 3263 octauam
327 3196 541 3282 co'ncepcionia
558 3196 701 3277 virginio,
723 3192 853 3276 gloriose
870 3199 1018 3280 concepta
1034 3195 1097 3259 fine
1113 3196 1267 3278 originali,
1291 3195 1366 3261 duos
1383 3216 1419 3263 aa.
1436 3218 1488 3263 aaa.

175 3309 306 3373 florenos
322 3305 473 3375 rencnsca.
491 3305 565 3369 duaa
581 3304 675 3369 libras
691 3302 892 3376 donariorum,
910 3302 957 3367 sax
970 3302 1145 3387 schidingon
1159 3305 1359 3370 denariorum.
1469 3282 1474 3291 Ι

176 3415 240 3498 Quo
262 3415 311 3479 dio
340 3413 481 3499 sepelitur
503 3414 656 3500 pareliano
680 3410 718 3476 do
745 3410 894 3482 xernabo.
918 3409 1040 3476 sabatho
1061 3414 1126 3497 post
1148 3415 1360 3498 concapcionis
1381 3435 1418 3481 ro.
1435 3436 1486 3482 uae.

175 3524 352 3596 decollatus.
369 3545 404 3588 ea
420 3524 504 3599 bora,
522 3545 579 3609 qua
596 3543 649 3586 rex
666 3523 790 3588 mathias
806 3521 897 3585 cxiuit
913 3520 1064 3585 ciuitatem
1080 3524 1231 3606 ungariam
1247 3524 1360 3597 versus,

173 3634 252 3697 stctit
265 3634 353 3720 supra
369 3639 479 3698 terram
496 3632 532 3697 ad
550 3632 703 3716 septimum
720 3631 798 3696 diam
814 3630 880 3715 post
898 3630 1152 3706 decollacionem,
1169 3633 1243 3698 vixit
1265 3634 1358 3698 cciarn

172 3741 297 3827 loquona
320 3743 417 3806 tribus
441 3742 534 3807 bocia.
566 3741 605 3804 Et
625 3741 666 3806 src
683 3739 783 3805 finitur
799 3760 835 3803 cx
852 3739 900 3803 dci
918 3741 1041 3804 maxima
1057 3741 1160 3822 gracia
1176 3762 1270 3805 annua
1287 3740 1360 3805 doc·
1381 3763 1418 3809 ra.
1434 3766 1485 3811 ace.

172 3855 287 3914 toratua
311 3851 370 3915 mci
398 3871 502 3916 nonno.
561 3849 678 3914 Vtinam
704 3851 734 3914 in
764 3850 829 3914 cius
856 3849 924 3911 anni
954 3849 1084 3932 predicti
1111 3850 1358 3916 tribulacionibus

172 3960 262 4024 vitam
283 3980 377 4023 meam
402 3959 615 4032 meliorassem,
638 3959 669 4023 in
692 3957 811 4023 laudem
837 3958 886 4022 dei
908 3957 1045 4059 essancti
1061 3957 1226 4044 beopoldi,
1250 3960 1356 4025 austrie

165 4188 497 4199 ——..--—-.-

207 4354 233 4429 ¹)
252 4356 397 4421 Jobaunca,
424 4356 582 4413 Stattbaltar
598 4375 648 4412 rou
666 4359 778 4436 Tacent,
802 4360 923 4417 cardinal
940 4360 994 4415 und
1007 4357 1164 4414 lircbircbos
1173 4374 1223 4411 ron
1235 4357 1356 4421 Tarento,

251 4449 287 4502 iat
302 4449 432 4519 gamains,
455 4451 597 4520 gcstorbcn
618 4450 668 4505 den
687 4453 730 4507 17.
748 4451 866 4507 October
884 4452 962 4507 last.
993 4451 1029 4505 Er
1044 4467 1097 4504 nar
1116 4449 1157 4502 aiu
1175 4449 1247 4503 Sobo
1261 4450 1355 4507 Fordi-

131 4603 134 4611 ,
252 4540 334 4595 nanda
356 4542 376 4595 Ι.
393 4558 442 4596 ron
458 4527 575 4614 Napai,
607 4541 725 4601 dadurcb
745 4544 846 4601 Brudcr
866 4542 983 4616 Alpbona
1002 4543 1032 4597 ll.
1050 4542 1102 4596 und
1121 4541 1280 4607 acatncc'n
1309 4544 1355 4601 dcr

252 4630 386 4688 Gemablia
398 4631 520 4690 ilattbiaa
533 4632 650 4690 casnm
