<?xml version="1.0" encoding="UTF-8"?>
<!DOCTYPE html PUBLIC "-//W3C//DTD XHTML 1.0 Transitional//EN"
    "http://www.w3.org/TR/xhtml1/DTD/xhtml1-transitional.dtd">
<html xmlns="http://www.w3.org/1999/xhtml" xml:lang="en" lang="en">
 <head>
  <title>
</title>
<meta http-equiv="Content-Type" content="text/html;charset=utf-8" />
  <meta name='ocr-system' content='tesseract 3.04.00' />
  <meta name='ocr-capabilities' content='ocr_page ocr_carea ocr_par ocr_line ocrx_word'/>
</head>
<body>
  <div class='ocr_page' id='page_1' title='image "./fontesrerumaust03unkngoog_0247.png"; bbox 0 0 3300 5342; ppageno 0'>
   <div class='ocr_carea' id='block_1_1' title="bbox 286 473 913 559">
    <p class='ocr_par' dir='ltr' id='par_1_1' title="bbox 286 473 913 559">
     <span class='ocr_line' id='line_1_1' title="bbox 286 473 913 559; baseline -0.011 1"><span class='ocrx_word' id='word_1_1' title='bbox 286 473 363 546; x_wconf 74' lang='lat'>2¹⁶</span> <span class='ocrx_word' id='word_1_2' title='bbox 837 502 913 559; x_wconf 76' lang='lat' dir='ltr'>asro.</span> 
     </span>
    </p>
   </div>
   <div class='ocr_carea' id='block_1_2' title="bbox 197 635 1472 2702">
    <p class='ocr_par' dir='ltr' id='par_1_2' title="bbox 197 635 1472 2702">
     <span class='ocr_line' id='line_1_2' title="bbox 280 635 1462 724; baseline 0.002 -14"><span class='ocrx_word' id='word_1_3' title='bbox 280 647 381 721; x_wconf 82' lang='lat' dir='ltr'>luerit,</span> <span class='ocrx_word' id='word_1_4' title='bbox 399 648 501 712; x_wconf 90' lang='lat' dir='ltr'>eadem</span> <span class='ocrx_word' id='word_1_5' title='bbox 520 648 661 713; x_wconf 89' lang='lat' dir='ltr'>Maiestas</span> <span class='ocrx_word' id='word_1_6' title='bbox 677 652 705 713; x_wconf 91' lang='lat' dir='ltr'>in</span> <span class='ocrx_word' id='word_1_7' title='bbox 722 635 805 715; x_wconf 86' lang='lat' dir='ltr'>dioto</span> <span class='ocrx_word' id='word_1_8' title='bbox 819 652 884 714; x_wconf 91' lang='lat' dir='ltr'>eius</span> <span class='ocrx_word' id='word_1_9' title='bbox 901 649 1029 714; x_wconf 90' lang='lat' dir='ltr'>aduentu</span> <span class='ocrx_word' id='word_1_10' title='bbox 1046 650 1123 714; x_wconf 93' lang='lat' dir='ltr'>bono</span> <span class='ocrx_word' id='word_1_11' title='bbox 1140 649 1266 715; x_wconf 91' lang='lat' dir='ltr'>consilio</span> <span class='ocrx_word' id='word_1_12' title='bbox 1279 648 1462 724; x_wconf 80' lang='lat' dir='ltr'>reformabit,</span> 
     </span>
     <span class='ocr_line' id='line_1_3' title="bbox 281 756 1464 844; baseline 0.003 -25"><span class='ocrx_word' id='word_1_13' title='bbox 281 757 487 821; x_wconf 86' lang='lat' dir='ltr'>accommodo</span> <span class='ocrx_word' id='word_1_14' title='bbox 504 761 534 820; x_wconf 88' lang='lat' dir='ltr'>et</span> <span class='ocrx_word' id='word_1_15' title='bbox 549 756 671 821; x_wconf 80' lang='lat' dir='ltr'>utilitati</span> <span class='ocrx_word' id='word_1_16' title='bbox 686 759 818 843; x_wconf 91' lang='lat' dir='ltr'>ipsarum</span> <span class='ocrx_word' id='word_1_17' title='bbox 834 759 1054 843; x_wconf 86' lang='lat' dir='ltr'>prouinciarum</span> <span class='ocrx_word' id='word_1_18' title='bbox 1076 757 1188 844; x_wconf 90' lang='lat' dir='ltr'>optime</span> <span class='ocrx_word' id='word_1_19' title='bbox 1212 758 1364 830; x_wconf 88' lang='lat' dir='ltr'>consulet,</span> <span class='ocrx_word' id='word_1_20' title='bbox 1390 757 1464 823; x_wconf 91' lang='lat' dir='ltr'>suh·</span> 
     </span>
     <span class='ocr_line' id='line_1_4' title="bbox 282 863 1465 953; baseline 0.001 -24"><span class='ocrx_word' id='word_1_21' title='bbox 282 863 359 929; x_wconf 92' lang='lat' dir='ltr'>ditos</span> <span class='ocrx_word' id='word_1_22' title='bbox 377 866 452 950; x_wconf 78' lang='lat' dir='ltr'>(Bt.</span> <span class='ocrx_word' id='word_1_23' title='bbox 472 866 596 949; x_wconf 74' lang='lat'><strong><em>172⁶.)</em></strong></span> <span class='ocrx_word' id='word_1_24' title='bbox 613 889 666 931; x_wconf 87' lang='lat' dir='ltr'>sua</span> <span class='ocrx_word' id='word_1_25' title='bbox 680 866 762 932; x_wconf 89' lang='lat' dir='ltr'>&#39;dulci</span> <span class='ocrx_word' id='word_1_26' title='bbox 779 867 950 953; x_wconf 88' lang='lat' dir='ltr'>praesentia</span> <span class='ocrx_word' id='word_1_27' title='bbox 967 866 1168 941; x_wconf 88' lang='lat' dir='ltr'>consolando,</span> <span class='ocrx_word' id='word_1_28' title='bbox 1194 887 1289 952; x_wconf 91' lang='lat' dir='ltr'>eaque</span> <span class='ocrx_word' id='word_1_29' title='bbox 1305 868 1402 932; x_wconf 90' lang='lat' dir='ltr'>omnia</span> <span class='ocrx_word' id='word_1_30' title='bbox 1420 866 1465 930; x_wconf 87' lang='lat' dir='ltr'>eis</span> 
     </span>
     <span class='ocr_line' id='line_1_5' title="bbox 197 970 1348 1062; baseline 0.003 -27"><span class='ocrx_word' id='word_1_31' title='bbox 197 986 202 993; x_wconf 88' lang='grc'><strong>’</strong></span> <span class='ocrx_word' id='word_1_32' title='bbox 283 970 459 1045; x_wconf 83' lang='lat' dir='ltr'>exhibendo,</span> <span class='ocrx_word' id='word_1_33' title='bbox 475 995 552 1059; x_wconf 91' lang='lat' dir='ltr'>qaae</span> <span class='ocrx_word' id='word_1_34' title='bbox 568 976 704 1062; x_wconf 81' lang='lat' dir='ltr'>cuiquam</span> <span class='ocrx_word' id='word_1_35' title='bbox 721 978 832 1060; x_wconf 92' lang='lat' dir='ltr'>optimo</span> <span class='ocrx_word' id='word_1_36' title='bbox 850 975 982 1060; x_wconf 84' lang='lat' dir='ltr'>Principi</span> <span class='ocrx_word' id='word_1_37' title='bbox 999 978 1161 1040; x_wconf 85' lang='lat' dir='ltr'>conuenire</span> <span class='ocrx_word' id='word_1_38' title='bbox 1177 981 1348 1040; x_wconf 89' lang='lat' dir='ltr'>noscuntur.</span> 
     </span>
     <span class='ocr_line' id='line_1_6' title="bbox 373 1083 1470 1170; baseline 0 -23"><span class='ocrx_word' id='word_1_39' title='bbox 373 1083 481 1164; x_wconf 82' lang='lat' dir='ltr'>Quinto</span> <span class='ocrx_word' id='word_1_40' title='bbox 499 1087 530 1148; x_wconf 88' lang='lat' dir='ltr'>et</span> <span class='ocrx_word' id='word_1_41' title='bbox 545 1084 666 1159; x_wconf 91' lang='lat' dir='ltr'>ultimo,</span> <span class='ocrx_word' id='word_1_42' title='bbox 688 1106 755 1151; x_wconf 87' lang='lat' dir='ltr'>cam</span> <span class='ocrx_word' id='word_1_43' title='bbox 777 1087 835 1150; x_wconf 91' lang='lat' dir='ltr'>iam</span> <span class='ocrx_word' id='word_1_44' title='bbox 860 1085 1132 1157; x_wconf 84' lang='lat' dir='ltr'>bocumteuentes,</span> <span class='ocrx_word' id='word_1_45' title='bbox 1151 1085 1304 1170; x_wconf 86' lang='lat' dir='ltr'>Regentes</span> <span class='ocrx_word' id='word_1_46' title='bbox 1321 1090 1352 1150; x_wconf 91' lang='lat' dir='ltr'>et</span> <span class='ocrx_word' id='word_1_47' title='bbox 1367 1084 1470 1149; x_wconf 84' lang='lat' dir='ltr'>cousi·</span> 
     </span>
     <span class='ocr_line' id='line_1_7' title="bbox 282 1189 1467 1281; baseline 0.001 -26"><span class='ocrx_word' id='word_1_48' title='bbox 282 1189 359 1256; x_wconf 89' lang='lat' dir='ltr'>liarii</span> <span class='ocrx_word' id='word_1_49' title='bbox 382 1213 454 1256; x_wconf 89' lang='lat' dir='ltr'>suae</span> <span class='ocrx_word' id='word_1_50' title='bbox 478 1193 662 1267; x_wconf 81' lang='lat' dir='ltr'>Maiestatis,</span> <span class='ocrx_word' id='word_1_51' title='bbox 684 1198 736 1281; x_wconf 88' lang='lat' dir='ltr'>qui</span> <span class='ocrx_word' id='word_1_52' title='bbox 760 1195 796 1259; x_wconf 89' lang='lat' dir='ltr'>ad</span> <span class='ocrx_word' id='word_1_53' title='bbox 820 1195 918 1279; x_wconf 91' lang='lat' dir='ltr'>ipsum</span> <span class='ocrx_word' id='word_1_54' title='bbox 940 1214 1110 1278; x_wconf 89' lang='lat' dir='ltr'>supremum</span> <span class='ocrx_word' id='word_1_55' title='bbox 1132 1195 1312 1277; x_wconf 84' lang='lat' dir='ltr'>gubernium</span> <span class='ocrx_word' id='word_1_56' title='bbox 1332 1196 1467 1279; x_wconf 89' lang='lat' dir='ltr'>ipsarum</span> 
     </span>
     <span class='ocr_line' id='line_1_8' title="bbox 282 1301 1469 1388; baseline 0.001 -23"><span class='ocrx_word' id='word_1_57' title='bbox 282 1301 504 1367; x_wconf 85' lang='lat' dir='ltr'>Prouinciarum</span> <span class='ocrx_word' id='word_1_58' title='bbox 520 1309 588 1367; x_wconf 91' lang='lat' dir='ltr'>sunt</span> <span class='ocrx_word' id='word_1_59' title='bbox 604 1303 755 1377; x_wconf 85' lang='lat' dir='ltr'>destinati,</span> <span class='ocrx_word' id='word_1_60' title='bbox 772 1304 833 1368; x_wconf 90' lang='lat' dir='ltr'>sint</span> <span class='ocrx_word' id='word_1_61' title='bbox 849 1305 878 1367; x_wconf 90' lang='lat' dir='ltr'>iu</span> <span class='ocrx_word' id='word_1_62' title='bbox 896 1304 1068 1388; x_wconf 88' lang='lat' dir='ltr'>procinctu,</span> <span class='ocrx_word' id='word_1_63' title='bbox 1090 1303 1186 1368; x_wconf 90' lang='lat' dir='ltr'>dictas</span> <span class='ocrx_word' id='word_1_64' title='bbox 1202 1303 1375 1387; x_wconf 88' lang='lat' dir='ltr'>prouincias</span> <span class='ocrx_word' id='word_1_65' title='bbox 1390 1302 1469 1367; x_wconf 92' lang='lat' dir='ltr'>uisi·</span> 
     </span>
     <span class='ocr_line' id='line_1_9' title="bbox 281 1410 1469 1497; baseline 0 -23"><span class='ocrx_word' id='word_1_66' title='bbox 281 1411 373 1482; x_wconf 89' lang='lat' dir='ltr'>tandi,</span> <span class='ocrx_word' id='word_1_67' title='bbox 391 1411 615 1496; x_wconf 88' lang='lat' dir='ltr'>iuramentaque</span> <span class='ocrx_word' id='word_1_68' title='bbox 631 1411 781 1477; x_wconf 87' lang='lat' dir='ltr'>lidelitatis</span> <span class='ocrx_word' id='word_1_69' title='bbox 798 1412 987 1497; x_wconf 79' lang='lat' dir='ltr'>recipiendi,</span> <span class='ocrx_word' id='word_1_70' title='bbox 998 1433 1033 1477; x_wconf 91' lang='lat' dir='ltr'>ac</span> <span class='ocrx_word' id='word_1_71' title='bbox 1049 1413 1125 1486; x_wconf 93' lang='lat' dir='ltr'>alia,</span> <span class='ocrx_word' id='word_1_72' title='bbox 1142 1431 1217 1497; x_wconf 91' lang='lat' dir='ltr'>quae</span> <span class='ocrx_word' id='word_1_73' title='bbox 1233 1410 1310 1477; x_wconf 89' lang='lat' dir='ltr'>hono</span> <span class='ocrx_word' id='word_1_74' title='bbox 1327 1411 1469 1494; x_wconf 90' lang='lat' dir='ltr'>regimini</span> 
     </span>
     <span class='ocr_line' id='line_1_10' title="bbox 282 1518 1470 1607; baseline 0.001 -23"><span class='ocrx_word' id='word_1_75' title='bbox 282 1525 313 1584; x_wconf 91' lang='lat' dir='ltr'>et</span> <span class='ocrx_word' id='word_1_76' title='bbox 334 1518 541 1605; x_wconf 78' lang='lat' dir='ltr'>tranquillitati</span> <span class='ocrx_word' id='word_1_77' title='bbox 563 1523 759 1595; x_wconf 88' lang='lat' dir='ltr'>conueniunt,</span> <span class='ocrx_word' id='word_1_78' title='bbox 783 1521 977 1607; x_wconf 87' lang='lat' dir='ltr'>disponendi,</span> <span class='ocrx_word' id='word_1_79' title='bbox 1003 1521 1083 1584; x_wconf 85' lang='lat' dir='ltr'>iuxta</span> <span class='ocrx_word' id='word_1_80' title='bbox 1106 1520 1230 1585; x_wconf 80' lang='lat' dir='ltr'>formam</span> <span class='ocrx_word' id='word_1_81' title='bbox 1246 1521 1406 1607; x_wconf 87' lang='lat' dir='ltr'>potestatis</span> <span class='ocrx_word' id='word_1_82' title='bbox 1423 1519 1470 1585; x_wconf 89' lang='lat' dir='ltr'>eis</span> 
     </span>
     <span class='ocr_line' id='line_1_11' title="bbox 282 1626 1467 1716; baseline 0.001 -25"><span class='ocrx_word' id='word_1_83' title='bbox 282 1626 456 1705; x_wconf 87' lang='lat' dir='ltr'>attributae;</span> <span class='ocrx_word' id='word_1_84' title='bbox 474 1636 505 1693; x_wconf 91' lang='lat' dir='ltr'>et</span> <span class='ocrx_word' id='word_1_85' title='bbox 519 1632 658 1716; x_wconf 91' lang='lat' dir='ltr'>qnoniam</span> <span class='ocrx_word' id='word_1_86' title='bbox 675 1652 731 1696; x_wconf 90' lang='lat' dir='ltr'>uon</span> <span class='ocrx_word' id='word_1_87' title='bbox 748 1638 876 1716; x_wconf 87' lang='lat' dir='ltr'>possunt</span> <span class='ocrx_word' id='word_1_88' title='bbox 890 1631 960 1715; x_wconf 89' lang='lat' dir='ltr'>ipsi,</span> <span class='ocrx_word' id='word_1_89' title='bbox 972 1628 1128 1703; x_wconf 81' lang='lat' dir='ltr'>Oratores,</span> <span class='ocrx_word' id='word_1_90' title='bbox 1146 1629 1316 1712; x_wconf 88' lang='lat' dir='ltr'>oblongam</span> <span class='ocrx_word' id='word_1_91' title='bbox 1330 1629 1467 1695; x_wconf 90' lang='lat' dir='ltr'>locorum</span> 
     </span>
     <span class='ocr_line' id='line_1_12' title="bbox 283 1738 1471 1826; baseline 0 -23"><span class='ocrx_word' id='word_1_92' title='bbox 283 1738 461 1812; x_wconf 85' lang='lat' dir='ltr'>distantiam,</span> <span class='ocrx_word' id='word_1_93' title='bbox 478 1739 588 1804; x_wconf 84' lang='lat' dir='ltr'>ibidem</span> <span class='ocrx_word' id='word_1_94' title='bbox 604 1741 635 1803; x_wconf 90' lang='lat' dir='ltr'>in</span> <span class='ocrx_word' id='word_1_95' title='bbox 651 1744 785 1826; x_wconf 87' lang='lat' dir='ltr'>temporo</span> <span class='ocrx_word' id='word_1_96' title='bbox 800 1738 921 1811; x_wconf 89' lang='lat' dir='ltr'>adesse,</span> <span class='ocrx_word' id='word_1_97' title='bbox 939 1758 975 1802; x_wconf 87' lang='lat' dir='ltr'>ac</span> <span class='ocrx_word' id='word_1_98' title='bbox 986 1742 1164 1824; x_wconf 89' lang='lat' dir='ltr'>praemissa,</span> <span class='ocrx_word' id='word_1_99' title='bbox 1180 1745 1213 1804; x_wconf 92' lang='lat' dir='ltr'>ut</span> <span class='ocrx_word' id='word_1_100' title='bbox 1223 1738 1323 1812; x_wconf 83' lang='lat' dir='ltr'>decet,</span> <span class='ocrx_word' id='word_1_101' title='bbox 1339 1739 1471 1811; x_wconf 84' lang='lat' dir='ltr'>referre,</span> 
     </span>
     <span class='ocr_line' id='line_1_13' title="bbox 282 1847 1469 1938; baseline 0 -25"><span class='ocrx_word' id='word_1_102' title='bbox 282 1847 456 1938; x_wconf 79' lang='lat' dir='ltr'>eisdemque</span> <span class='ocrx_word' id='word_1_103' title='bbox 472 1849 774 1923; x_wconf 70' lang='lat' dir='ltr'>locumtenentibus,</span> <span class='ocrx_word' id='word_1_104' title='bbox 796 1849 981 1932; x_wconf 79' lang='lat' dir='ltr'>degentibus</span> <span class='ocrx_word' id='word_1_105' title='bbox 1003 1855 1034 1914; x_wconf 89' lang='lat' dir='ltr'>et</span> <span class='ocrx_word' id='word_1_106' title='bbox 1049 1848 1226 1914; x_wconf 86' lang='lat' dir='ltr'>Consilinris</span> <span class='ocrx_word' id='word_1_107' title='bbox 1243 1849 1316 1914; x_wconf 84' lang='lat' dir='ltr'>dicti</span> <span class='ocrx_word' id='word_1_108' title='bbox 1333 1850 1469 1935; x_wconf 78' lang='lat' dir='ltr'>supremi</span> 
     </span>
     <span class='ocr_line' id='line_1_14' title="bbox 282 1957 1471 2043; baseline -0.001 -20"><span class='ocrx_word' id='word_1_109' title='bbox 282 1958 421 2041; x_wconf 88' lang='lat' dir='ltr'>gubernii</span> <span class='ocrx_word' id='word_1_110' title='bbox 437 1961 589 2031; x_wconf 87' lang='lat' dir='ltr'>assistere,</span> <span class='ocrx_word' id='word_1_111' title='bbox 608 1961 684 2042; x_wconf 82' lang='lat' dir='ltr'>(Bt.</span> <span class='ocrx_word' id='word_1_112' title='bbox 704 1959 827 2042; x_wconf 74' lang='lat'><strong><em>172⁵.)</em></strong></span> <span class='ocrx_word' id='word_1_113' title='bbox 847 1959 931 2043; x_wconf 88' lang='lat' dir='ltr'>cupit</span> <span class='ocrx_word' id='word_1_114' title='bbox 953 1963 983 2023; x_wconf 93' lang='lat' dir='ltr'>et</span> <span class='ocrx_word' id='word_1_115' title='bbox 1004 1957 1124 2023; x_wconf 88' lang='lat' dir='ltr'>mandat</span> <span class='ocrx_word' id='word_1_116' title='bbox 1138 1958 1282 2025; x_wconf 77' lang='lat' dir='ltr'>Maiestas</span> <span class='ocrx_word' id='word_1_117' title='bbox 1303 1979 1373 2032; x_wconf 89' lang='lat' dir='ltr'>sua,</span> <span class='ocrx_word' id='word_1_118' title='bbox 1395 1977 1471 2042; x_wconf 88' lang='lat' dir='ltr'>qna-</span> 
     </span>
     <span class='ocr_line' id='line_1_15' title="bbox 283 2065 1469 2154; baseline -0.004 -21"><span class='ocrx_word' id='word_1_119' title='bbox 283 2072 371 2133; x_wconf 89' lang='lat' dir='ltr'>tenus</span> <span class='ocrx_word' id='word_1_120' title='bbox 392 2070 451 2152; x_wconf 88' lang='lat' dir='ltr'>ipsi</span> <span class='ocrx_word' id='word_1_121' title='bbox 472 2069 633 2143; x_wconf 79' lang='lat' dir='ltr'>Oratores,</span> <span class='ocrx_word' id='word_1_122' title='bbox 656 2090 711 2153; x_wconf 93' lang='lat' dir='ltr'>pro</span> <span class='ocrx_word' id='word_1_123' title='bbox 736 2087 772 2133; x_wconf 95' lang='lat' dir='ltr'>eo</span> <span class='ocrx_word' id='word_1_124' title='bbox 796 2067 950 2132; x_wconf 86' lang='lat' dir='ltr'>fidelitatis</span> <span class='ocrx_word' id='word_1_125' title='bbox 972 2065 1091 2141; x_wconf 90' lang='lat' dir='ltr'>debito,</span> <span class='ocrx_word' id='word_1_126' title='bbox 1114 2087 1172 2154; x_wconf 92' lang='lat' dir='ltr'>quo</span> <span class='ocrx_word' id='word_1_127' title='bbox 1201 2067 1298 2132; x_wconf 85' lang='lat' dir='ltr'>eidem</span> <span class='ocrx_word' id='word_1_128' title='bbox 1314 2066 1469 2132; x_wconf 87' lang='lat' dir='ltr'>Maiestati</span> 
     </span>
     <span class='ocr_line' id='line_1_16' title="bbox 284 2175 1472 2261; baseline -0.003 -19"><span class='ocrx_word' id='word_1_129' title='bbox 284 2175 519 2260; x_wconf 81' lang='lat' dir='ltr'>obstringuntur,</span> <span class='ocrx_word' id='word_1_130' title='bbox 537 2198 573 2242; x_wconf 83' lang='lat' dir='ltr'>ex</span> <span class='ocrx_word' id='word_1_131' title='bbox 590 2198 666 2242; x_wconf 88' lang='lat' dir='ltr'>nunc</span> <span class='ocrx_word' id='word_1_132' title='bbox 682 2197 738 2261; x_wconf 88' lang='lat' dir='ltr'>per</span> <span class='ocrx_word' id='word_1_133' title='bbox 754 2177 862 2241; x_wconf 84' lang='lat' dir='ltr'>Pastas</span> <span class='ocrx_word' id='word_1_134' title='bbox 877 2177 955 2242; x_wconf 85' lang='lat' dir='ltr'>hano</span> <span class='ocrx_word' id='word_1_135' title='bbox 971 2197 1043 2241; x_wconf 88' lang='lat' dir='ltr'>suae</span> <span class='ocrx_word' id='word_1_136' title='bbox 1060 2176 1226 2242; x_wconf 85' lang='lat' dir='ltr'>Maiestatis</span> <span class='ocrx_word' id='word_1_137' title='bbox 1243 2176 1472 2261; x_wconf 85' lang='lat' dir='ltr'>responsionem</span> 
     </span>
     <span class='ocr_line' id='line_1_17' title="bbox 283 2283 1470 2373; baseline -0.002 -22"><span class='ocrx_word' id='word_1_138' title='bbox 283 2288 493 2360; x_wconf 86' lang='lat' dir='ltr'>transmittant,</span> <span class='ocrx_word' id='word_1_139' title='bbox 512 2287 635 2373; x_wconf 90' lang='lat' dir='ltr'>suisque</span> <span class='ocrx_word' id='word_1_140' title='bbox 650 2287 758 2352; x_wconf 91' lang='lat' dir='ltr'>litteris</span> <span class='ocrx_word' id='word_1_141' title='bbox 782 2287 916 2353; x_wconf 86' lang='lat' dir='ltr'>eiusdem</span> <span class='ocrx_word' id='word_1_142' title='bbox 938 2286 1114 2351; x_wconf 77' lang='lat' dir='ltr'>Maiestatis</span> <span class='ocrx_word' id='word_1_143' title='bbox 1127 2292 1256 2351; x_wconf 89' lang='lat' dir='ltr'>mentem</span> <span class='ocrx_word' id='word_1_144' title='bbox 1286 2283 1470 2369; x_wconf 80' lang='lat' dir='ltr'>significent,</span> 
     </span>
     <span class='ocr_line' id='line_1_18' title="bbox 283 2394 1471 2483; baseline -0.003 -22"><span class='ocrx_word' id='word_1_145' title='bbox 283 2397 385 2483; x_wconf 80' lang='lat' dir='ltr'>anue</span> <span class='ocrx_word' id='word_1_146' title='bbox 407 2399 503 2461; x_wconf 89' lang='lat' dir='ltr'>omnia</span> <span class='ocrx_word' id='word_1_147' title='bbox 527 2397 566 2462; x_wconf 89' lang='lat' dir='ltr'>de</span> <span class='ocrx_word' id='word_1_148' title='bbox 589 2398 655 2462; x_wconf 91' lang='lat' dir='ltr'>eius</span> <span class='ocrx_word' id='word_1_149' title='bbox 681 2403 765 2463; x_wconf 88' lang='lat' dir='ltr'>certa</span> <span class='ocrx_word' id='word_1_150' title='bbox 781 2398 909 2463; x_wconf 87' lang='lat' dir='ltr'>seientia</span> <span class='ocrx_word' id='word_1_151' title='bbox 926 2416 1068 2483; x_wconf 86' lang='lat' dir='ltr'>meroque</span> <span class='ocrx_word' id='word_1_152' title='bbox 1084 2403 1115 2461; x_wconf 91' lang='lat' dir='ltr'>et</span> <span class='ocrx_word' id='word_1_153' title='bbox 1130 2395 1298 2462; x_wconf 89' lang='lat' dir='ltr'>deliberata</span> <span class='ocrx_word' id='word_1_154' title='bbox 1316 2394 1471 2461; x_wconf 76' lang='lat' dir='ltr'>voluntate</span> 
     </span>
     <span class='ocr_line' id='line_1_19' title="bbox 283 2505 1470 2593; baseline -0.001 -24"><span class='ocrx_word' id='word_1_155' title='bbox 283 2506 460 2592; x_wconf 87' lang='lat' dir='ltr'>procedere,</span> <span class='ocrx_word' id='word_1_156' title='bbox 485 2505 607 2571; x_wconf 83' lang='lat' dir='ltr'>Eisdem</span> <span class='ocrx_word' id='word_1_157' title='bbox 621 2505 718 2571; x_wconf 90' lang='lat' dir='ltr'>literis</span> <span class='ocrx_word' id='word_1_158' title='bbox 733 2506 888 2571; x_wconf 88' lang='lat' dir='ltr'>hortantes</span> <span class='ocrx_word' id='word_1_159' title='bbox 904 2527 974 2580; x_wconf 91' lang='lat' dir='ltr'>eos,</span> <span class='ocrx_word' id='word_1_160' title='bbox 998 2526 1015 2569; x_wconf 90' lang='lat' dir='ltr'>a</span> <span class='ocrx_word' id='word_1_161' title='bbox 1039 2505 1147 2593; x_wconf 91' lang='lat' dir='ltr'>quihus</span> <span class='ocrx_word' id='word_1_162' title='bbox 1163 2507 1248 2571; x_wconf 91' lang='lat' dir='ltr'>missi</span> <span class='ocrx_word' id='word_1_163' title='bbox 1265 2508 1344 2578; x_wconf 79' lang='lat' dir='ltr'>sunt,</span> <span class='ocrx_word' id='word_1_164' title='bbox 1361 2510 1470 2588; x_wconf 91' lang='lat' dir='ltr'>quate·</span> 
     </span>
     <span class='ocr_line' id='line_1_20' title="bbox 284 2613 1472 2702; baseline -0.002 -21"><span class='ocrx_word' id='word_1_165' title='bbox 284 2618 412 2701; x_wconf 85' lang='lat' dir='ltr'>nosipsi</span> <span class='ocrx_word' id='word_1_166' title='bbox 429 2637 568 2702; x_wconf 88' lang='lat' dir='ltr'>supremo</span> <span class='ocrx_word' id='word_1_167' title='bbox 584 2617 749 2700; x_wconf 84' lang='lat' dir='ltr'>Regimini,</span> <span class='ocrx_word' id='word_1_168' title='bbox 773 2617 893 2682; x_wconf 91' lang='lat' dir='ltr'>nomine</span> <span class='ocrx_word' id='word_1_169' title='bbox 910 2616 1045 2682; x_wconf 90' lang='lat' dir='ltr'>eiusdem</span> <span class='ocrx_word' id='word_1_170' title='bbox 1062 2615 1231 2683; x_wconf 81' lang='lat' dir='ltr'>Caesareae</span> <span class='ocrx_word' id='word_1_171' title='bbox 1247 2622 1279 2681; x_wconf 94' lang='lat' dir='ltr'>et</span> <span class='ocrx_word' id='word_1_172' title='bbox 1294 2613 1472 2680; x_wconf 80' lang='lat' dir='ltr'>Catholicae</span> 
     </span>
    </p>
   </div>
   <div class='ocr_carea' id='block_1_3' title="bbox 284 2726 1583 2813">
    <p class='ocr_par' dir='ltr' id='par_1_3' title="bbox 284 2726 1583 2813">
     <span class='ocr_line' id='line_1_21' title="bbox 284 2726 1583 2813; baseline -0.002 -23"><span class='ocrx_word' id='word_1_173' title='bbox 284 2726 448 2807; x_wconf 73' lang='lat' dir='ltr'>Maiestatis</span> <span class='ocrx_word' id='word_1_174' title='bbox 464 2748 500 2792; x_wconf 87' lang='lat' dir='ltr'>ae</span> <span class='ocrx_word' id='word_1_175' title='bbox 515 2727 702 2792; x_wconf 90' lang='lat' dir='ltr'>serenissimi</span> <span class='ocrx_word' id='word_1_176' title='bbox 718 2728 819 2793; x_wconf 88' lang='lat' dir='ltr'>fratris</span> <span class='ocrx_word' id='word_1_177' title='bbox 836 2728 894 2801; x_wconf 91' lang='lat' dir='ltr'>sui,</span> <span class='ocrx_word' id='word_1_178' title='bbox 907 2726 1079 2813; x_wconf 78' lang='lat' dir='ltr'>Principum</span> <span class='ocrx_word' id='word_1_179' title='bbox 1092 2732 1123 2792; x_wconf 91' lang='lat' dir='ltr'>et</span> <span class='ocrx_word' id='word_1_180' title='bbox 1134 2728 1326 2793; x_wconf 88' lang='lat' dir='ltr'>Dominarum</span> <span class='ocrx_word' id='word_1_181' title='bbox 1337 2744 1471 2798; x_wconf 87' lang='lat' dir='ltr'>suornm,</span> <span class='ocrx_word' id='word_1_182' title='bbox 1579 2742 1583 2749; x_wconf 89' lang='lat'>·</span> 
     </span>
    </p>
   </div>
   <div class='ocr_carea' id='block_1_4' title="bbox 268 2834 1512 3666">
    <p class='ocr_par' dir='ltr' id='par_1_4' title="bbox 268 2834 1512 3666">
     <span class='ocr_line' id='line_1_22' title="bbox 285 2834 1474 2921; baseline 0 -22"><span class='ocrx_word' id='word_1_183' title='bbox 285 2837 442 2907; x_wconf 84' lang='lat' dir='ltr'>assistant,</span> <span class='ocrx_word' id='word_1_184' title='bbox 470 2835 589 2900; x_wconf 88' lang='lat' dir='ltr'>faueant</span> <span class='ocrx_word' id='word_1_185' title='bbox 610 2842 641 2901; x_wconf 88' lang='lat' dir='ltr'>at</span> <span class='ocrx_word' id='word_1_186' title='bbox 661 2842 803 2921; x_wconf 86' lang='lat' dir='ltr'>pareant,</span> <span class='ocrx_word' id='word_1_187' title='bbox 829 2858 865 2902; x_wconf 89' lang='lat' dir='ltr'>ac</span> <span class='ocrx_word' id='word_1_188' title='bbox 887 2857 990 2902; x_wconf 86' lang='lat' dir='ltr'>eorum</span> <span class='ocrx_word' id='word_1_189' title='bbox 1012 2838 1130 2903; x_wconf 88' lang='lat' dir='ltr'>nomine</span> <span class='ocrx_word' id='word_1_190' title='bbox 1146 2838 1219 2902; x_wconf 90' lang='lat' dir='ltr'>etin</span> <span class='ocrx_word' id='word_1_191' title='bbox 1235 2839 1293 2902; x_wconf 81' lang='lat' dir='ltr'>rim</span> <span class='ocrx_word' id='word_1_192' title='bbox 1311 2834 1474 2921; x_wconf 87' lang='lat' dir='ltr'>potestatis</span> 
     </span>
     <span class='ocr_line' id='line_1_23' title="bbox 284 2926 1512 3030; baseline -0.003 -19"><span class='ocrx_word' id='word_1_193' title='bbox 284 2947 329 3011; x_wconf 90' lang='lat' dir='ltr'>eis</span> <span class='ocrx_word' id='word_1_194' title='bbox 358 2965 523 3011; x_wconf 88' lang='lat' dir='ltr'>concessae</span> <span class='ocrx_word' id='word_1_195' title='bbox 558 2946 727 3030; x_wconf 83' lang='lat' dir='ltr'>homagium</span> <span class='ocrx_word' id='word_1_196' title='bbox 762 2967 798 3013; x_wconf 90' lang='lat' dir='ltr'>ac</span> <span class='ocrx_word' id='word_1_197' title='bbox 832 2946 986 3012; x_wconf 87' lang='lat' dir='ltr'>fidelitatis</span> <span class='ocrx_word' id='word_1_198' title='bbox 1018 2947 1214 3013; x_wconf 87' lang='lat' dir='ltr'>iuramentum</span> <span class='ocrx_word' id='word_1_199' title='bbox 1249 2944 1409 3011; x_wconf 85' lang='lat' dir='ltr'>exhibeant</span> <span class='ocrx_word' id='word_1_200' title='bbox 1441 2949 1475 3008; x_wconf 88' lang='lat' dir='ltr'>et</span> <span class='ocrx_word' id='word_1_201' title='bbox 1505 2926 1512 2934; x_wconf 59' lang='grc'><strong>’</strong></span> 
     </span>
     <span class='ocr_line' id='line_1_24' title="bbox 284 3054 1471 3141; baseline -0.003 -21"><span class='ocrx_word' id='word_1_202' title='bbox 284 3062 439 3141; x_wconf 89' lang='lat' dir='ltr'>praestent</span> <span class='ocrx_word' id='word_1_203' title='bbox 447 3103 457 3134; x_wconf 90' lang='lat'>,</span> <span class='ocrx_word' id='word_1_204' title='bbox 481 3077 516 3120; x_wconf 90' lang='lat' dir='ltr'>ac</span> <span class='ocrx_word' id='word_1_205' title='bbox 532 3057 588 3121; x_wconf 91' lang='lat' dir='ltr'>alia</span> <span class='ocrx_word' id='word_1_206' title='bbox 605 3062 803 3141; x_wconf 84' lang='lat' dir='ltr'>exequantur,</span> <span class='ocrx_word' id='word_1_207' title='bbox 826 3076 904 3140; x_wconf 86' lang='lat' dir='ltr'>qnae</span> <span class='ocrx_word' id='word_1_208' title='bbox 919 3077 975 3140; x_wconf 93' lang='lat' dir='ltr'>per</span> <span class='ocrx_word' id='word_1_209' title='bbox 991 3056 1091 3122; x_wconf 87' lang='lat' dir='ltr'>dictos</span> <span class='ocrx_word' id='word_1_210' title='bbox 1107 3056 1337 3122; x_wconf 89' lang='lat' dir='ltr'>Commissarios</span> <span class='ocrx_word' id='word_1_211' title='bbox 1354 3054 1471 3120; x_wconf 90' lang='lat' dir='ltr'>eisdem</span> 
     </span>
     <span class='ocr_line' id='line_1_25' title="bbox 285 3164 1472 3254; baseline 0.001 -26"><span class='ocrx_word' id='word_1_212' title='bbox 285 3165 414 3228; x_wconf 92' lang='lat' dir='ltr'>iniuncta</span> <span class='ocrx_word' id='word_1_213' title='bbox 428 3165 501 3248; x_wconf 84' lang='lat' dir='ltr'>fue(</span> <span class='ocrx_word' id='word_1_214' title='bbox 501 3165 553 3228; x_wconf 73' lang='lat'>131.</span> <span class='ocrx_word' id='word_1_215' title='bbox 565 3166 756 3248; x_wconf 74' lang='lat' dir='ltr'>173⁶.)rina</span> <span class='ocrx_word' id='word_1_216' title='bbox 770 3186 824 3249; x_wconf 93' lang='lat' dir='ltr'>pro</span> <span class='ocrx_word' id='word_1_217' title='bbox 837 3164 916 3229; x_wconf 89' lang='lat' dir='ltr'>hano</span> <span class='ocrx_word' id='word_1_218' title='bbox 928 3166 1058 3250; x_wconf 91' lang='lat' dir='ltr'>ipsarum</span> <span class='ocrx_word' id='word_1_219' title='bbox 1071 3169 1291 3254; x_wconf 90' lang='lat' dir='ltr'>prouinciarum</span> <span class='ocrx_word' id='word_1_220' title='bbox 1304 3166 1472 3248; x_wconf 87' lang='lat' dir='ltr'>Regimine,</span> 
     </span>
     <span class='ocr_line' id='line_1_26' title="bbox 268 3264 1472 3361; baseline 0.002 -26"><span class='ocrx_word' id='word_1_221' title='bbox 268 3264 386 3358; x_wconf 71' lang='lat' dir='ltr'>&#39;quiete</span> <span class='ocrx_word' id='word_1_222' title='bbox 403 3276 433 3337; x_wconf 92' lang='lat' dir='ltr'>et</span> <span class='ocrx_word' id='word_1_223' title='bbox 447 3272 674 3359; x_wconf 86' lang='lat' dir='ltr'>tranquillitate,</span> <span class='ocrx_word' id='word_1_224' title='bbox 692 3278 722 3337; x_wconf 91' lang='lat' dir='ltr'>et</span> <span class='ocrx_word' id='word_1_225' title='bbox 736 3278 825 3359; x_wconf 92' lang='lat' dir='ltr'>prout</span> <span class='ocrx_word' id='word_1_226' title='bbox 843 3274 948 3339; x_wconf 90' lang='lat' dir='ltr'>eadem</span> <span class='ocrx_word' id='word_1_227' title='bbox 963 3275 1105 3341; x_wconf 87' lang='lat' dir='ltr'>Maiestas</span> <span class='ocrx_word' id='word_1_228' title='bbox 1122 3276 1152 3338; x_wconf 92' lang='lat' dir='ltr'>in</span> <span class='ocrx_word' id='word_1_229' title='bbox 1168 3274 1302 3361; x_wconf 89' lang='lat' dir='ltr'>ipsorum</span> <span class='ocrx_word' id='word_1_230' title='bbox 1321 3279 1472 3338; x_wconf 88' lang='lat' dir='ltr'>oratorum</span> 
     </span>
     <span class='ocr_line' id='line_1_27' title="bbox 285 3378 1472 3469; baseline 0.001 -25"><span class='ocrx_word' id='word_1_231' title='bbox 285 3382 345 3447; x_wconf 84' lang='lat' dir='ltr'>tide</span> <span class='ocrx_word' id='word_1_232' title='bbox 360 3403 396 3446; x_wconf 91' lang='lat' dir='ltr'>ao</span> <span class='ocrx_word' id='word_1_233' title='bbox 411 3381 566 3464; x_wconf 81' lang='lat' dir='ltr'>legalitate</span> <span class='ocrx_word' id='word_1_234' title='bbox 582 3381 723 3454; x_wconf 86' lang='lat' dir='ltr'>conlidit,</span> <span class='ocrx_word' id='word_1_235' title='bbox 749 3383 856 3469; x_wconf 88' lang='lat' dir='ltr'>quihus</span> <span class='ocrx_word' id='word_1_236' title='bbox 880 3385 968 3448; x_wconf 90' lang='lat' dir='ltr'>etiam</span> <span class='ocrx_word' id='word_1_237' title='bbox 990 3403 1046 3469; x_wconf 95' lang='lat' dir='ltr'>pro</span> <span class='ocrx_word' id='word_1_238' title='bbox 1068 3385 1164 3469; x_wconf 89' lang='lat' dir='ltr'>ipsius</span> <span class='ocrx_word' id='word_1_239' title='bbox 1189 3378 1341 3448; x_wconf 85' lang='lat' dir='ltr'>fidelitatis</span> <span class='ocrx_word' id='word_1_240' title='bbox 1364 3384 1472 3446; x_wconf 86' lang='lat' dir='ltr'>merito</span> 
     </span>
     <span class='ocr_line' id='line_1_28' title="bbox 286 3489 1473 3578; baseline 0 -24"><span class='ocrx_word' id='word_1_241' title='bbox 286 3491 428 3555; x_wconf 89' lang='lat' dir='ltr'>Maiestas</span> <span class='ocrx_word' id='word_1_242' title='bbox 444 3491 510 3574; x_wconf 91' lang='lat' dir='ltr'>ipsa</span> <span class='ocrx_word' id='word_1_243' title='bbox 527 3493 556 3553; x_wconf 91' lang='lat' dir='ltr'>et</span> <span class='ocrx_word' id='word_1_244' title='bbox 572 3490 783 3553; x_wconf 84' lang='lat' dir='ltr'>serenissimus</span> <span class='ocrx_word' id='word_1_245' title='bbox 800 3489 1009 3558; x_wconf 82' lang='lat' dir='ltr'>Ferdinandus</span> <span class='ocrx_word' id='word_1_246' title='bbox 1024 3493 1118 3565; x_wconf 82' lang='lat' dir='ltr'>irater</span> <span class='ocrx_word' id='word_1_247' title='bbox 1133 3511 1253 3578; x_wconf 90' lang='lat' dir='ltr'>semper</span> <span class='ocrx_word' id='word_1_248' title='bbox 1269 3511 1304 3556; x_wconf 91' lang='lat' dir='ltr'>se</span> <span class='ocrx_word' id='word_1_249' title='bbox 1319 3491 1473 3574; x_wconf 85' lang='lat' dir='ltr'>gratiosos</span> 
     </span>
     <span class='ocr_line' id='line_1_29' title="bbox 286 3600 825 3666; baseline -0.002 0"><span class='ocrx_word' id='word_1_250' title='bbox 286 3602 428 3666; x_wconf 89' lang='lat' dir='ltr'>Dominos</span> <span class='ocrx_word' id='word_1_251' title='bbox 445 3600 587 3665; x_wconf 83' lang='lat' dir='ltr'>exhihere</span> <span class='ocrx_word' id='word_1_252' title='bbox 604 3600 750 3665; x_wconf 90' lang='lat' dir='ltr'>curabunt</span> <span class='ocrx_word' id='word_1_253' title='bbox 766 3605 825 3665; x_wconf 88' lang='lat' dir='ltr'>etc.</span> 
     </span>
    </p>
   </div>
   <div class='ocr_carea' id='block_1_5' title="bbox 285 3922 1472 4783">
    <p class='ocr_par' dir='ltr' id='par_1_5' title="bbox 285 3922 1472 4783">
     <span class='ocr_line' id='line_1_30' title="bbox 378 3922 1472 4013; baseline -0.004 -20"><span class='ocrx_word' id='word_1_254' title='bbox 378 3922 594 4013; x_wconf 75' lang='lat' dir='ltr'>(Bl.173⁶.)</span> <span class='ocrx_word' id='word_1_255' title='bbox 615 3923 738 3990; x_wconf 88' lang='lat' dir='ltr'>Carolus</span> <span class='ocrx_word' id='word_1_256' title='bbox 767 3930 825 3990; x_wconf 85' lang='lat' dir='ltr'>etc.</span> <span class='ocrx_word' id='word_1_257' title='bbox 850 3925 1055 4012; x_wconf 82' lang='lat' dir='ltr'>Erwirdigon‚</span> <span class='ocrx_word' id='word_1_258' title='bbox 1082 3927 1242 4000; x_wconf 83' lang='lat' dir='ltr'>Ersamen,</span> <span class='ocrx_word' id='word_1_259' title='bbox 1271 3925 1472 4000; x_wconf 84' lang='lat' dir='ltr'>Geistliehen,</span> 
     </span>
     <span class='ocr_line' id='line_1_31' title="bbox 286 4033 1472 4121; baseline -0.006 -17"><span class='ocrx_word' id='word_1_260' title='bbox 286 4039 509 4121; x_wconf 83' lang='lat' dir='ltr'>bndeobtigen,</span> <span class='ocrx_word' id='word_1_261' title='bbox 533 4036 629 4100; x_wconf 83' lang='lat' dir='ltr'>Edlen</span> <span class='ocrx_word' id='word_1_262' title='bbox 650 4035 710 4100; x_wconf 84' lang='lat' dir='ltr'>vnd</span> <span class='ocrx_word' id='word_1_263' title='bbox 732 4034 831 4101; x_wconf 89' lang='lat' dir='ltr'>liehen</span> <span class='ocrx_word' id='word_1_264' title='bbox 856 4042 1012 4119; x_wconf 90' lang='lat' dir='ltr'>getreuen.</span> <span class='ocrx_word' id='word_1_265' title='bbox 1038 4035 1133 4099; x_wconf 85' lang='lat' dir='ltr'>Vnser</span> <span class='ocrx_word' id='word_1_266' title='bbox 1148 4041 1266 4118; x_wconf 81' lang='lat' dir='ltr'>getrew</span> <span class='ocrx_word' id='word_1_267' title='bbox 1282 4033 1380 4100; x_wconf 88' lang='lat' dir='ltr'>liehou</span> <span class='ocrx_word' id='word_1_268' title='bbox 1396 4034 1472 4118; x_wconf 87' lang='lat' dir='ltr'>Sig-</span> 
     </span>
     <span class='ocr_line' id='line_1_32' title="bbox 286 4143 1468 4219; baseline -0.006 -5"><span class='ocrx_word' id='word_1_269' title='bbox 286 4150 388 4214; x_wconf 89' lang='lat' dir='ltr'>mundt</span> <span class='ocrx_word' id='word_1_270' title='bbox 404 4170 461 4218; x_wconf 80' lang='lat' dir='ltr'>von</span> <span class='ocrx_word' id='word_1_271' title='bbox 477 4146 686 4219; x_wconf 84' lang='lat' dir='ltr'>llcrherstain,</span> <span class='ocrx_word' id='word_1_272' title='bbox 703 4145 815 4217; x_wconf 84' lang='lat' dir='ltr'>llitter,</span> <span class='ocrx_word' id='word_1_273' title='bbox 832 4145 890 4209; x_wconf 86' lang='lat' dir='ltr'>vnd</span> <span class='ocrx_word' id='word_1_274' title='bbox 905 4144 1002 4210; x_wconf 83' lang='lat' dir='ltr'>daban</span> <span class='ocrx_word' id='word_1_275' title='bbox 1019 4144 1171 4218; x_wconf 76' lang='lat' dir='ltr'>llod‘man,</span> <span class='ocrx_word' id='word_1_276' title='bbox 1188 4144 1268 4208; x_wconf 83' lang='lat' dir='ltr'>Euer</span> <span class='ocrx_word' id='word_1_277' title='bbox 1284 4143 1468 4218; x_wconf 85' lang='lat' dir='ltr'>Gesandten,</span> 
     </span>
     <span class='ocr_line' id='line_1_33' title="bbox 287 4252 1471 4325; baseline -0.004 -1"><span class='ocrx_word' id='word_1_278' title='bbox 287 4260 352 4325; x_wconf 86' lang='lat' dir='ltr'>sein</span> <span class='ocrx_word' id='word_1_279' title='bbox 374 4256 471 4322; x_wconf 90' lang='lat' dir='ltr'>sambt</span> <span class='ocrx_word' id='word_1_280' title='bbox 493 4256 605 4320; x_wconf 91' lang='lat' dir='ltr'>andern</span> <span class='ocrx_word' id='word_1_281' title='bbox 629 4275 754 4319; x_wconf 84' lang='lat' dir='ltr'>naserer</span> <span class='ocrx_word' id='word_1_282' title='bbox 774 4253 1143 4319; x_wconf 80' lang='lat' dir='ltr'>Niderosterreicbisoben</span> <span class='ocrx_word' id='word_1_283' title='bbox 1159 4252 1393 4318; x_wconf 81' lang='lat' dir='ltr'>Fdrstenthumb</span> <span class='ocrx_word' id='word_1_284' title='bbox 1411 4255 1471 4319; x_wconf 82' lang='lat' dir='ltr'>rud</span> 
     </span>
     <span class='ocr_line' id='line_1_34' title="bbox 285 4361 1467 4436; baseline -0.005 -2"><span class='ocrx_word' id='word_1_285' title='bbox 285 4368 409 4434; x_wconf 86' lang='lat' dir='ltr'>Lannde</span> <span class='ocrx_word' id='word_1_286' title='bbox 421 4364 619 4431; x_wconf 83' lang='lat' dir='ltr'>botschallten</span> <span class='ocrx_word' id='word_1_287' title='bbox 628 4385 664 4428; x_wconf 82' lang='lat' dir='ltr'>zu</span> <span class='ocrx_word' id='word_1_288' title='bbox 676 4385 749 4429; x_wconf 79' lang='lat' dir='ltr'>unns</span> <span class='ocrx_word' id='word_1_289' title='bbox 765 4363 903 4436; x_wconf 85' lang='lat' dir='ltr'>bhomen,</span> <span class='ocrx_word' id='word_1_290' title='bbox 921 4362 981 4427; x_wconf 81' lang='lat' dir='ltr'>Eur</span> <span class='ocrx_word' id='word_1_291' title='bbox 992 4361 1247 4428; x_wconf 80' lang='lat' dir='ltr'>Credenntahrief</span> <span class='ocrx_word' id='word_1_292' title='bbox 1254 4361 1467 4436; x_wconf 75' lang='lat' dir='ltr'>uberantwort,</span> 
     </span>
     <span class='ocr_line' id='line_1_35' title="bbox 285 4472 1470 4556; baseline -0.005 -14"><span class='ocrx_word' id='word_1_293' title='bbox 285 4477 345 4542; x_wconf 86' lang='lat' dir='ltr'>rnd</span> <span class='ocrx_word' id='word_1_294' title='bbox 362 4479 390 4540; x_wconf 94' lang='lat' dir='ltr'>in</span> <span class='ocrx_word' id='word_1_295' title='bbox 408 4476 500 4540; x_wconf 90' lang='lat' dir='ltr'>deren</span> <span class='ocrx_word' id='word_1_296' title='bbox 518 4474 627 4538; x_wconf 79' lang='lat' dir='ltr'>taram</span> <span class='ocrx_word' id='word_1_297' title='bbox 650 4473 698 4537; x_wconf 90' lang='lat' dir='ltr'>die</span> <span class='ocrx_word' id='word_1_298' title='bbox 719 4474 855 4539; x_wconf 83' lang='lat' dir='ltr'>Lanndts</span> <span class='ocrx_word' id='word_1_299' title='bbox 879 4474 1072 4556; x_wconf 88' lang='lat' dir='ltr'>ordnungen‚</span> <span class='ocrx_word' id='word_1_300' title='bbox 1102 4494 1136 4538; x_wconf 92' lang='lat' dir='ltr'>so</span> <span class='ocrx_word' id='word_1_301' title='bbox 1158 4472 1188 4536; x_wconf 93' lang='lat' dir='ltr'>lr</span> <span class='ocrx_word' id='word_1_302' title='bbox 1210 4474 1288 4537; x_wconf 87' lang='lat' dir='ltr'>nach</span> <span class='ocrx_word' id='word_1_303' title='bbox 1309 4474 1470 4538; x_wconf 88' lang='lat' dir='ltr'>ahsterhen</span> 
     </span>
     <span class='ocr_line' id='line_1_36' title="bbox 287 4581 1469 4667; baseline -0.005 -14"><span class='ocrx_word' id='word_1_304' title='bbox 287 4589 340 4654; x_wconf 87' lang='lat' dir='ltr'>des</span> <span class='ocrx_word' id='word_1_305' title='bbox 356 4583 751 4667; x_wconf 79' lang='lat' dir='ltr'>Allerdurehleucbtigisten</span> <span class='ocrx_word' id='word_1_306' title='bbox 774 4584 919 4657; x_wconf 85' lang='lat' dir='ltr'>Fdrsten,</span> <span class='ocrx_word' id='word_1_307' title='bbox 945 4583 1041 4647; x_wconf 84' lang='lat' dir='ltr'>llerrn</span> <span class='ocrx_word' id='word_1_308' title='bbox 1063 4581 1241 4647; x_wconf 86' lang='lat' dir='ltr'>Maximilian</span> <span class='ocrx_word' id='word_1_309' title='bbox 1266 4583 1363 4647; x_wconf 73' lang='lat' dir='ltr'>Erat.</span> <span class='ocrx_word' id='word_1_310' title='bbox 1386 4583 1469 4647; x_wconf 74' lang='lat' dir='ltr'>Rom.</span> 
     </span>
     <span class='ocr_line' id='line_1_37' title="bbox 285 4693 1471 4783; baseline -0.003 -22"><span class='ocrx_word' id='word_1_311' title='bbox 285 4698 381 4783; x_wconf 81' lang='lat' dir='ltr'>Khey.</span> <span class='ocrx_word' id='word_1_312' title='bbox 392 4700 462 4767; x_wconf 74' lang='lat' dir='ltr'>etc,</span> <span class='ocrx_word' id='word_1_313' title='bbox 477 4714 605 4758; x_wconf 81' lang='lat' dir='ltr'>rausero</span> <span class='ocrx_word' id='word_1_314' title='bbox 622 4693 820 4758; x_wconf 89' lang='lat' dir='ltr'>liehanherrn</span> <span class='ocrx_word' id='word_1_315' title='bbox 841 4694 899 4758; x_wconf 86' lang='lat' dir='ltr'>md</span> <span class='ocrx_word' id='word_1_316' title='bbox 917 4693 1058 4768; x_wconf 84' lang='lat' dir='ltr'>acherrn,</span> <span class='ocrx_word' id='word_1_317' title='bbox 1080 4693 1318 4775; x_wconf 82' lang='lat' dir='ltr'>ausgericbtvnd</span> <span class='ocrx_word' id='word_1_318' title='bbox 1331 4694 1471 4777; x_wconf 82' lang='lat' dir='ltr'>gmacbt;</span> 
     </span>
    </p>
   </div>
   <div class='ocr_carea' id='block_1_6' title="bbox 0 0 1666 5342">
    <p class='ocr_par' dir='ltr' id='par_1_6' title="bbox 0 0 1666 5342">
     <span class='ocr_line' id='line_1_38' title="bbox 0 0 1666 5342; baseline 0 0"><span class='ocrx_word' id='word_1_319' title='bbox 0 0 1666 5342; x_wconf 95' lang='lat' dir='ltr'> </span> 
     </span>
    </p>
   </div>
  </div>
 </body>
</html>
