3300 5342
273 488 322 562 32
826 521 907 579 aloa.

155 697 178 743 ς,
194 693 248 753 mp,
269 664 414 732 habemus
438 667 500 753 spei
523 672 665 754 quantum
687 669 892 736 commederet
938 671 1011 735 ltem
1038 670 1174 756 sequenti
1195 669 1261 756 post
1280 669 1402 736 floriani
1424 690 1462 736 er

269 777 402 860 practica
417 775 508 841 habui
524 797 631 844 nouem
646 777 686 842 su.
704 778 905 845 denariorum.
937 778 1012 844 ltem
1036 800 1073 845 ex
1087 777 1236 864 stipendio
1251 777 1369 844 lecture
1383 778 1460 846 duos

269 885 400 951 florenos
411 886 562 960 renenses,
574 894 700 973 propter
710 886 825 976 (quod)
840 888 995 971 angariam
1007 889 1076 954 anni
1086 889 1199 955 domini
1212 888 1310 963 1482,
1330 889 1460 954 aorucis

270 994 308 1059 ad
324 995 483 1061 aduentum
499 997 619 1062 domini.
645 997 794 1063 oramen
811 1002 963 1083 magnam!
987 999 1085 1064 Hodie
1105 999 1136 1064 in
1161 998 1250 1064 domo
1266 1018 1332 1065 mea
1347 1019 1458 1065 carnes

270 1105 394 1191 equinas
409 1107 604 1172 comedimus.
620 1106 786 1173 Vaccarum
803 1128 875 1174 caro
887 1109 947 1172 iam
958 1130 1017 1176 non
1029 1109 1073 1174 est
1084 1108 1235 1182 consueta,
1247 1109 1356 1175 bouins
1368 1108 1459 1173 modo

270 1235 328 1280 non
343 1216 505 1301 reperitur.
529 1216 621 1281 Libra
637 1218 739 1282 carnis
755 1220 880 1284 vaceine
897 1218 941 1285 14
961 1219 1095 1284 denariis
1110 1218 1259 1294 venditus,
1282 1208 1392 1303 equine
1407 1218 1457 1283 ser

270 1324 420 1407 denanijs,
447 1325 573 1392 vitulina
594 1326 789 1411 quadraginta
811 1327 964 1411 denariis!
1007 1325 1125 1392 Gallina
1148 1348 1203 1412 pro
1225 1328 1321 1416 trihus
1345 1326 1458 1403 solidis,

269 1454 356 1500 ouum
371 1455 427 1519 pro
443 1435 573 1521 quinque
589 1435 739 1520 denariis.
760 1442 888 1503 metreta
912 1455 1009 1504 auene
1030 1436 1241 1521 ischillingos
1259 1437 1458 1509 denariorum,

269 1548 395 1609 metreta
416 1545 513 1610 sanine
537 1566 604 1611 oum
625 1545 790 1612 smsuribus
818 1544 863 1613 14
882 1531 1057 1632 schillingos
1085 1546 1286 1613 denariorum.
1319 1547 1459 1631 Longum

270 1653 345 1719 esset
360 1655 489 1719 omnium
505 1655 608 1739 precia
624 1655 826 1721 conscribere.

188 1802 209 1834 m
226 1789 241 1834 ·,
360 1762 405 1828 Eo
422 1763 473 1829 die
489 1765 616 1838 floriani,
632 1764 662 1829 in
679 1765 744 1848 ejus
761 1765 916 1840 honorem,
934 1765 973 1831 ad
989 1766 1054 1832 eius
1070 1766 1258 1852 ymaginem,
1282 1766 1341 1830 lnec
1365 1770 1459 1831 metra

272 1873 438 1958 composui:

505 1998 608 2054 Austris
619 1999 744 2071 superior,
757 1997 859 2055 floriani
871 1999 995 2071 magnius
1005 1997 1077 2064 salix,

509 2089 544 2144 ut
556 2090 651 2145 ciuitas
663 2089 800 2154 Annalium,
812 2091 861 2147 hac
873 2093 975 2163 semper
986 2091 1108 2166 ymagine
1120 2089 1216 2163 gaude.
1311 2124 1313 2128 -

361 2202 464 2288 quue
487 2203 538 2267 die
558 2203 674 2268 floriani
696 2204 733 2269 ad
755 2208 873 2272 noctem
896 2202 1023 2268 vinculis
1048 2202 1136 2268 datum
1152 2207 1183 2268 et
1197 2202 1367 2287 captiuatur
1381 2201 1458 2267 anti-

269 2330 345 2396 quus
361 2310 502 2394 magister
516 2311 626 2377 ciuium
642 2312 728 2377 huius
744 2312 885 2385 ciuitatis,
901 2312 1072 2379 laurencius
1088 2311 1196 2398 llaym,
1218 2311 1306 2377 miles
1321 2315 1453 2378 sumtus.

271 2419 460 2484 Camerarius
476 2420 607 2485 ciuitatis
623 2420 749 2487 Tenkeh
765 2420 855 2486 etiem
870 2421 1040 2488 vinculatus
1056 2422 1138 2486 serro
1154 2421 1213 2486 suit
1233 2426 1303 2487 aute
1325 2422 1367 2487 10
1390 2420 1464 2485 dies

271 2527 354 2613 (24.
370 2529 474 2613 apr.)
498 2528 593 2594 Ambo
606 2551 623 2594 a
640 2530 760 2595 ciuitate
775 2530 838 2604 ista,
864 2535 990 2616 propter
1005 2530 1343 2596 malam'tractaoionem
1358 2522 1460 2596 rerum

133 2648 136 2654 '
165 2678 208 2711 ‚n
225 2663 240 2711 ·,
271 2624 401 2704 ciuitatis
418 2639 449 2702 in
464 2639 549 2703 annis
565 2638 799 2723 precedentibus
815 2641 846 2704 in
861 2639 920 2705 suis
937 2638 1073 2724 officijs.'
1092 2638 1247 2704 Dominiea
1270 2643 1339 2704 ante
1354 2637 1459 2703 ascen·

269 2745 381 2811 sionem
398 2745 519 2820 domini,
537 2746 574 2810 ad
590 2752 707 2814 noctem
724 2748 798 2821 sere,
815 2752 880 2813 tota
897 2747 1012 2822 ciuitas,
1028 2745 1180 2822 mulieres,
1197 2746 1335 2812 monachi
1350 2750 1381 2812 et
1395 2765 1461 2810 mo-

270 2854 375 2931 niales,
392 2854 478 2919 suere
494 2859 566 2939 aput
582 2854 704 2919 rubeam
720 2856 837 2928 turrim,
853 2860 1049 2940 expectantes
1064 2860 1126 2920 tres
1145 2855 1245 2928 naues,
1268 2858 1411 2920 venturas
1426 2854 1459 2918 in

175 2948 177 2952 Α
270 2964 415 3037 danubio,
438 2963 600 3029 asserentes
616 2966 647 3029 in
662 2964 758 3030 saccis
773 2965 913 3037 serinam,
934 2963 1036 3030 littora
1053 2963 1185 3049 petitore
1201 2963 1232 3027 in
1248 2962 1346 3028 medio
1363 2964 1461 3027 sorta·

269 3074 416 3148 liciorum,
431 3074 547 3140 scilieet
563 3072 697 3139 lanteher
714 3078 745 3138 et
760 3073 838 3139 aluei
850 3072 920 3140 noui
933 3074 1027 3139 marci
1037 3074 1075 3161 ¹).
1101 3072 1164 3138 Sed
1177 3072 1284 3138 semina
1295 3077 1358 3137 tota
1369 3077 1461 3138 noete

270 3189 476 3271 expectantes,
492 3203 579 3248 nemo
595 3183 687 3250 venit.
711 3182 822 3249 Verum
845 3183 929 3249 circa
951 3184 1082 3249 medium
1104 3182 1202 3249 noctis
1224 3183 1338 3247 elamor
1357 3181 1458 3247 sactus

270 3297 330 3369 est,
356 3316 449 3361 naues
473 3294 598 3360 renisio.
622 3293 793 3360 Occurrunt
835 3312 956 3366 omnes,
985 3293 1037 3359 sed
1059 3292 1168 3358 nunna
1188 3291 1281 3378 osque
1303 3291 1342 3357 ad
1361 3291 1459 3376 ripam

270 3404 402 3491 danubij.
432 3405 559 3471 Vltimus
582 3403 667 3470 labor
682 3403 733 3469 hic
749 3402 815 3470 suit.
846 3403 904 3468 Pro
921 3401 1070 3467 alimentis
1086 3401 1234 3488 desperati
1248 3402 1350 3487 itaque
1365 3402 1452 3467 ciues

270 3518 412 3600 cogitant,
429 3516 547 3600 quidet
568 3515 779 3601 qualiteroum
801 3533 877 3596 rege
898 3516 1048 3586 tractent,
1077 3520 1108 3577 et
1131 3510 1164 3576 sit
1186 3511 1336 3578 conclusio
1360 3511 1458 3596 prima

269 3625 357 3711 super
372 3628 501 3690 tractatu
519 3624 557 3689 de
573 3624 705 3690 ciuitatis
722 3623 892 3689 dedicione.
918 3621 1065 3708 Sequenti
1081 3622 1140 3695 die,
1158 3622 1254 3687 tercia
1270 3623 1357 3695 senia,
1381 3641 1459 3686 con-

269 3735 360 3801 clusio
376 3733 515 3820 predicta
531 3732 701 3800 deuoluitur
716 3734 756 3798 ad
770 3732 918 3818 presidem
935 3732 1076 3804 ciuitatis
1097 3728 1234 3798 uiscalem
1249 3729 1379 3816 imperij.
1405 3730 1459 3814 qui

269 3846 357 3929 graui
373 3846 469 3910 auimo
484 3845 608 3912 audiuit.
633 3843 736 3931 anue
751 3851 842 3909 nocte
857 3843 979 3914 iterum,
1003 3842 1080 3907 sieut
1095 3839 1289 3926 precedenti,
1310 3843 1454 3923 expecta-

163 3991 207 4024 .n
225 3975 240 4024 ·.
269 3957 366 4021 nimus
392 3974 496 4029 naues,
522 3954 572 4018 sed
595 3951 700 4038 gratis.
734 3951 870 4018 Tandem
891 3955 921 4017 in
941 3949 1046 4032 vigilia
1067 3948 1247 4016 ascenfionis
1270 3947 1458 4033 decapitatur

269 4067 385 4131 thomas
401 4064 523 4135 tenleh.
540 4062 618 4128 ciuis
634 4065 665 4127 in
680 4062 805 4136 vienna,
831 4065 862 4126 et
877 4061 1060 4126 camerarius
1076 4059 1146 4125 olim
1162 4063 1193 4124 et
1205 4057 1298 4141 judex
1313 4057 1457 4132 ciuitatis,

164 4229 171 4243 .
188 4213 209 4244 n
225 4198 240 4244 ·.
271 4180 396 4261 propter
411 4177 531 4246 sirrtom,
544 4172 710 4257 quodseeit
722 4172 848 4237 ciuitati.
864 4170 922 4234 Die
934 4168 1129 4242 ascensionis,¹
1143 4167 1208 4252 post
1218 4188 1322 4241 nouas,
1334 4167 1460 4231 maxima

270 4286 303 4350 sit
315 4282 702 4368 congregatioeiuium,que
711 4301 870 4368 numquam
881 4280 946 4353 suit,
959 4278 1136 4343 unanimiter
1146 4280 1286 4364 petentes
1296 4276 1459 4361 presidem,

270 4399 302 4461 ut
318 4394 492 4480 paciscatur
514 4412 582 4458 eum
597 4410 671 4474 rege
694 4390 732 4456 de
757 4389 945 4456 liberacione
967 4386 1097 4455 ciuitatis
1113 4407 1151 4452 ex
1171 4389 1253 4452 tanta
1268 4386 1358 4451 same.
1395 4383 1458 4450 Sed

273 4600 583 4617 d

307 4742 336 4818 ¹)
355 4744 408 4798 Der
419 4742 507 4797 Tuber
518 4735 560 4791 bei
573 4735 621 4790 der
634 4732 796 4803 finiende?
808 4731 862 4788 und
870 4731 948 4804 jener
959 4746 1001 4788 am
1012 4730 1169 4787 Neubruclne
1182 4747 1214 4785 su
1226 4731 1268 4786 St.
1280 4730 1361 4787 llarr.
