3300 5342
692 524 782 580 anan
1286 480 1333 555 ⁴¹

154 671 289 737 docillam
302 672 330 758 ¹)
347 672 501 755 sexaginta
517 670 710 746 librarumd„
721 669 871 735 thomede
887 667 1006 754 aquino.
1029 667 1103 731 ltcun
1120 662 1338 729 annunciationis
1371 684 1405 739 n,
1419 681 1459 729 2⁵.
1472 680 1540 727 nara.

153 781 242 845 marie
258 781 335 846 duos
351 783 482 846 florenos
498 780 668 854 Ranensea,
696 781 820 866 angaria
836 781 970 846 cinerum
986 797 1023 843 ex
1030 817 1333 839 ··············

154 891 222 955 ltem
238 890 313 955 aliea
328 911 417 957 unum
431 892 578 957 florenum
593 891 759 965 nonensem,
775 889 848 956 item
856 910 945 955 vnum
957 885 1157 970 nogariensem
1169 890 1200 949 et
1209 881 1339 947 sedecim

155 999 246 1065 librna
261 1000 303 1074 d,
331 1003 350 1067 3
375 1000 415 1066 sn.
439 1005 481 1069 17
503 1001 532 1066 d.
557 1002 638 1067 Lana
662 1002 772 1068 christo
793 1001 855 1065 ilnu.
902 1000 976 1065 ltem
1004 997 1122 1063 floriani
1151 996 1166 1059 s
1193 995 1338 1061 florenum
1372 1008 1396 1055 l.
1412 1006 1465 1066 ιω.

151 1112 358 1193 ungaricalem.
377 1112 567 1191 drenenses,
585 1112 626 1178 18
644 1111 784 1177 sibrand.
808 1110 890 1176 bona
906 1108 1024 1175 christo.
1044 1107 1141 1191 (pag.
1160 1104 1217 1188 9.)
1264 1102 1337 1166 ltent

152 1239 245 1304 neque
261 1221 299 1285 ad
315 1218 420 1285 urbani
435 1220 525 1285 habui
542 1243 578 1286 ex
594 1222 728 1306 practica
743 1241 832 1285 unum
844 1240 981 1305 magnum
994 1219 1148 1289 florenum.
1165 1213 1337 1300 ponderan·
1354 1227 1394 1274 aa.
1410 1225 1462 1284 maj.

152 1333 208 1392 tem
224 1336 290 1394 tres
306 1330 435 1394 soreaoa
450 1331 650 1414 ungaricalea.
694 1331 770 1396 ltem
791 1331 865 1395 alias
881 1330 1012 1416 quinqua
1033 1326 1165 1392 llorcnos
1181 1324 1340 1406 ungarica-

151 1439 209 1511 laa,
232 1439 308 1505 duoa
333 1440 477 1505 renensca
493 1447 525 1504 et
540 1440 670 1505 sedecim
685 1440 779 1505 librae
796 1440 825 1504 d.
849 1440 914 1505 Deo
929 1439 966 1503 sit
980 1436 1089 1523 gloria.
1112 1436 1216 1499 Amen.
1262 1432 1337 1497 ltem

150 1548 292 1633 usquead
310 1548 370 1614 Viti
387 1548 462 1613 duos
474 1551 603 1615 florenos
621 1548 831 1634 Vngaricalca.
843 1550 918 1614 dona
931 1549 1061 1613 florenoa
1072 1543 1224 1616 renensea,
1240 1542 1337 1608 vnde·
1357 1554 1460 1614 innan.

150 1659 207 1722 cim
224 1658 317 1724 librae
335 1660 377 1733 d„
396 1662 416 1725 a
432 1660 483 1733 sm,
502 1659 584 1725 aad.
609 1660 688 1725 Laus
700 1660 768 1724 deo.
808 1660 881 1725 ltem
898 1658 988 1743 nsque
1004 1656 1120 1722 ioannis
1131 1652 1258 1740 baptiste
1273 1657 1336 1717 tres
1354 1663 1394 1713 at.
1406 1663 1458 1721 iun.

150 1770 280 1835 florenos
295 1770 501 1855 ungaricalcc,
523 1770 573 1836 sex
596 1770 688 1836 librae
704 1770 748 1843 d,
779 1769 856 1836 lisa.
872 1769 902 1835 d.
927 1770 1007 1833 Laus
1025 1766 1082 1832 tibi
1098 1764 1217 1831 christe.
1262 1763 1337 1827 ltam

148 1879 341 1965 margarethe
363 1886 488 1967 quatum
510 1881 640 1947 florenos
665 1879 873 1966 ungaricalea,
897 1894 984 1943 anum
1004 1879 1147 1943 florenum
1170 1873 1337 1946 nonensem,
1355 1881 1451 1940 laid·

148 1994 214 2056 octo
232 1989 327 2055 libras
351 1989 398 2064 d.‚
425 1992 468 2056 ao
485 1990 515 2055 d.
540 1991 723 2056 Benedictus
739 1989 817 2054 iesua
834 1989 974 2054 christos.
998 1987 1117 2051 lnterea
1134 2003 1211 2048 nona
1227 1983 1335 2047 ciuitaa

146 2104 264 2184 poetata
286 2098 330 2163 est
350 2119 416 2164 cum
438 2118 514 2182 rege
529 2098 651 2172 mathia,
668 2119 732 2163 eam
749 2098 914 2165 obsidente.
953 2097 1008 2174 „Si
1023 2095 1159 2161 dominua
1174 2094 1337 2177 Imperator
1400 2166 1403 2174 ,

146 2208 193 2271 nel
209 2207 265 2280 sui,
282 2227 341 2272 non
358 2208 478 2273 uenerit
491 2209 522 2272 in
539 2208 679 2274 auxilinm
696 2210 790 2294 ipaic,
816 2209 894 2272 inira
910 2205 1113 2272 visitationem
1130 2204 1223 2268 marie
1239 2221 1335 2287 unque
1368 2211 1449 2271 2·J'·1¹·

146 2316 182 2381 ad
196 2317 369 2402 sequentem
386 2315 465 2382 diem
481 2322 551 2403 poat
565 2316 769 2403 assumptionis
782 2317 886 2388 marie,
896 2327 966 2381 tunc
979 2315 1051 2380 velit
1061 2314 1092 2378 se
1104 2312 1177 2378 dore
1188 2312 1217 2376 in
1230 2331 1334 2378 manus
1352 2322 1390 2369 la.
1407 2336 1460 2384 nug.

145 2429 229 2510 regia
246 2427 391 2491 mathie.“
416 2426 442 2491 0
458 2427 627 2517 pudendam
641 2427 834 2512 Imperatoria
851 2425 1009 2492 desidiam!
1024 2424 1182 2510 Magisque
1196 2422 1336 2507 pudenda

144 2542 247 2601 naama
262 2540 404 2622 peccata,
421 2543 547 2621 propter
561 2555 619 2621 qua
633 2536 703 2600 talia
721 2538 750 2600 in
768 2537 825 2601 hac
842 2536 937 2622 patria
953 2536 1099 2620 patimurs
1130 2531 1334 2598 Misericordia

144 2648 280 2718 murima,
296 2646 442 2710 maximat
468 2644 629 2710 Videamus
646 2666 684 2709 an
699 2645 800 2710 veniat
814 2651 845 2710 et
860 2644 971 2710 liberet
986 2664 1062 2709 eam.

235 2754 601 2840 lnprosestomargaretlne
613 2754 784 2820 schaduien
795 2757 825 2819 ni
837 2754 1068 2839 aregecapitur.
1079 2751 1335 2836 Diemargaretlne
1353 2762 1391 2808 ¹⁸·
1403 2760 1449 2819 jn.

144 2861 377 2947 graffenekclner
392 2861 553 2929 bambarda
569 2864 750 2929 interficitur
765 2864 803 2929 ab
820 2863 951 2947 Vngaria
999 2861 1102 2948 quue
1119 2860 1169 2925 dia
1192 2858 1333 2924 invitatus
1353 2870 1391 2917 ca.
1403 2870 1448 2930 jn.

144 2972 239 3039 incidi
260 2973 291 3037 in
315 2972 532 3045 dissenteriam,
560 2995 576 3038 a
601 2993 660 3058 qua
683 2972 831 3039 liberatus
853 2973 914 3039 som
938 2972 989 3036 dei
1015 2971 1118 3055 gracia
1145 2968 1333 3052 magdalene.
1351 2979 1448 3038 casu.

145 3081 305 3169 Quousque
320 3081 411 3147 habui
426 3083 457 3146 in
471 3083 605 3169 practica
620 3081 642 3148 4
658 3082 750 3148 libraa
767 3081 797 3146 d.
821 3083 903 3146 Lana
920 3081 988 3146 deo.
1012 3081 1084 3145 Item
1101 3079 1192 3165 usqua
1204 3077 1243 3143 ad
1254 3076 1333 3142 diem
1369 3091 1390 3137 1.
1408 3102 1462 3151 mg.

145 3191 253 3258 Sancti
264 3191 345 3276 petri
361 3190 398 3254 ad
416 3190 538 3255 Vincula
563 3209 670 3256 nouem
692 3190 785 3256 librae
811 3190 859 3263 d,
883 3191 958 3256 duos
981 3190 1110 3255 florenos
1132 3188 1333 3272 ungaricaleo,

143 3321 232 3366 unum
248 3300 413 3364 renensem.
439 3299 476 3363 Fa
499 3301 634 3366 secunda
655 3301 730 3365 seria
748 3301 929 3385 precedente
945 3297 1114 3364 exhaustum
1129 3299 1173 3363 est
1187 3297 1260 3362 mihi
1279 3318 1332 3362 aaa
1351 3308 1390 3356 8⁰·
1402 3308 1448 3366 tut

144 3412 204 3475 vini
222 3410 260 3474 de
276 3410 380 3493 quinto
395 3428 481 3480 anno,
506 3408 621 3474 scilicet
639 3408 735 3483 1482,
752 3409 856 3496 empti.
879 3409 923 3473 Ex
939 3427 998 3493 quo
1013 3406 1105 3473 habui
1120 3408 1201 3473 circa
1216 3407 1334 3493 septun-

146 3520 230 3603 ginta
245 3517 340 3583 librae
355 3517 398 3590 d,
414 3517 554 3582 ducissam
570 3539 626 3605 pro
647 3521 686 3586 sd
705 3517 746 3605 ¹).
770 3518 875 3584 Gloria
891 3519 921 3582 in
938 3517 1067 3584 ercelaia
1083 3517 1150 3582 deo.

233 3626 395 3692 laurencii
409 3630 474 3691 tren
490 3626 621 3693 florenos
638 3627 846 3712 Vagaricalea,
858 3630 927 3693 octo
938 3626 1031 3692 libras
1044 3627 1086 3700 d,
1098 3625 1173 3691 duos
1181 3625 1331 3691 renenses.
1351 3636 1389 3683 lo.
1406 3650 1459 3697 aug.

144 3737 225 3803 lmus
241 3736 299 3801 deo
316 3738 520 3821 omnipotenti.
566 3737 639 3801 ltem
662 3737 740 3802 serta
763 3738 837 3802 scrin
855 3738 919 3824 post
934 3736 1144 3822 assumpcionia
1160 3735 1254 3800 marie
1270 3734 1333 3799 Rex
1352 3746 1390 3793 an.
1406 3759 1460 3807 mg.

143 3847 270 3931 ungarie
286 3844 415 3909 mathiae
432 3847 462 3909 in
478 3866 581 3911 manoe
597 3845 664 3911 suaa
679 3848 726 3920 vi,
749 3844 828 3912 same
850 3848 970 3931 accepit
991 3866 1097 3911 nonam
1121 3845 1281 3911 ciuitatem.
1307 3843 1332 3909 0

142 3957 249 4019 marial
265 3956 382 4019 interea
394 3953 485 4020 habui
505 3959 568 4019 troa
584 3955 715 4022 florenos
733 3955 941 4039 Vngaricaleo.
964 3956 1040 4020 duoa
1052 3954 1203 4028 renenses,
1220 3953 1333 4038 septem

142 4063 237 4128 librae
254 4064 285 4127 d.
302 4065 322 4130 a
339 4062 380 4128 sa.
396 4085 425 4129 1.
442 4063 472 4128 d.
496 4064 579 4128 Deus
596 4064 738 4130 miserere
754 4064 853 4130 nobie.
898 4066 971 4130 ltem
988 4063 1123 4148 sequenti
1138 4068 1207 4148 post
1223 4063 1331 4126 natiui·
1366 4074 1388 4119 a.
1406 4075 1465 4131 cent

142 4175 215 4239 tatia
242 4175 336 4238 marie
359 4171 499 4238 ducissam
519 4171 568 4259 ⁸),
600 4195 652 4239 naa
675 4174 736 4239 vini
760 4193 816 4258 pro
843 4174 988 4250 sedecim,
1016 4174 1117 4240 habui.
1156 4158 1200 4238 Ex
1227 4171 1333 4236 codam

178 4552 208 4626 ¹)
227 4551 382 4624 Varglaiclna
395 4552 461 4606 olan
474 4551 519 4606 dia
532 4552 700 4623 sumerkung
712 4570 769 4608 aum
782 4554 826 4609 2³.
841 4554 894 4608 Jali
908 4554 988 4611 last.

178 4641 207 4712 2)
226 4643 383 4716 Varglaieha
396 4645 463 4699 olan
476 4643 520 4698 dia
533 4645 701 4716 inmarlung
714 4662 773 4700 anm
785 4646 831 4701 23.
844 4645 896 4701 lusi
912 4646 991 4702 1488.

177 4731 205 4804 ⁸)
225 4736 314 4811 largi.
328 4737 395 4791 aben
408 4752 466 4790 zum
479 4735 523 4790 23.
536 4735 589 4791 Juli
603 4736 684 4792 1483.
