3300 5342
736 534 814 591 1433,
1320 502 1370 576 33
1419 506 1430 529 ’

181 702 280 765 renuit
295 699 475 773 constanter,
493 700 630 766 conuicia
643 700 803 786 aliprando
816 697 934 765 ciuibus
946 698 1061 773 dicens,
1074 707 1105 764 et
1116 698 1171 784 ipsi
1182 697 1253 764 ssbi:
1276 698 1371 782 „Quia

184 809 325 894 princeps
347 807 463 881 noster,
483 807 658 873 l'ridericus
682 809 848 893 Imperator
860 806 1074 883 serenissimus,
1102 806 1177 873 nihil
1191 807 1324 892 suffragii
1342 811 1374 872 et

185 916 283 1002 auxilij
299 918 372 983 lacit
389 917 534 983 ciuitati!
560 916 598 981 Et
613 918 644 982 in
659 919 740 991 loco,
757 920 787 983 in
805 937 893 1004 quern
908 926 1001 982 naues
1017 923 1159 984 venturas
1175 917 1371 1005 sperauimus,

185 1049 237 1092 rer
252 1028 433 1092 fortalicium
448 1027 563 1114 incepit
577 1028 767 1101 construere,
783 1027 873 1092 tertia
890 1028 963 1091 scria
979 1032 1047 1092 ante
1062 1027 1251 1093 ascensionis.
1296 1027 1372 1091 ltem
1393 1041 1431 1088 1o.
1447 1039 1500 1099 aas.

184 1137 259 1202 seria
274 1136 355 1201 sexta
371 1137 437 1222 post
453 1136 649 1212 ascensionis,
674 1156 761 1202 mane
776 1137 840 1223 post
861 1137 1006 1210 medium,
1030 1139 1104 1202 hora
1132 1140 1243 1225 prima,
1265 1157 1317 1201 rex
1339 1156 1376 1200 ex
1393 1149 1431 1196 sa.
1447 1147 1501 1208 no.

189 1252 316 1329 quatuor
338 1244 442 1310 mundi
463 1245 601 1332 partibus
623 1266 748 1330 magnos
769 1267 825 1332 per
847 1245 1026 1312 bambardas
1041 1247 1160 1333 lapides
1176 1247 1206 1311 in
1223 1246 1374 1312 ciuitatem
1396 1266 1400 1274 ·

187 1356 312 1439 sagittat.
336 1355 368 1419 ln
383 1362 509 1442 quatuor
524 1355 601 1423 locis
618 1362 759 1422 sturmam
775 1357 806 1420 in
817 1355 937 1442 sepibus
949 1356 1023 1421 facit
1034 1356 1176 1439 suburbij.
1192 1357 1224 1421 ln
1236 1355 1375 1421 suburbio

186 1470 284 1529 tamen
300 1463 391 1530 sancti
407 1463 525 1530 Nicolai
540 1465 696 1530 victoriam
714 1464 828 1529 babuit.
854 1464 1000 1550 Sequenti
1016 1463 1075 1535 dic.
1092 1463 1233 1529 sabbatho
1250 1463 1374 1534 scilieet,
1394 1479 1433 1527 ln.
1450 1479 1504 1537 maj.

187 1573 217 1637 in
232 1592 291 1658 qno
308 1572 366 1637 suit
380 1574 551 1638 coniunctio
568 1574 637 1639 solis
653 1581 685 1640 et
700 1574 785 1650 lune,
802 1573 854 1639 sub
870 1574 1081 1639 coniunctione
1101 1578 1285 1656 congregata
1309 1572 1377 1637 vni·

186 1682 308 1746 ucrsrtae
325 1682 429 1747 scribit
444 1682 562 1749 litteras
579 1683 617 1748 ad
633 1702 736 1767 regem
754 1704 808 1767 pro
824 1681 904 1748 saluo
921 1682 1071 1748 conductu
1088 1682 1236 1769 aliquibus
1253 1682 1292 1747 de
1308 1682 1375 1749 rni-

186 1792 346 1865 uersrtate,·
364 1797 398 1859 ut
419 1794 473 1879 ips
495 1815 563 1860 cum
589 1794 657 1859 aliis
681 1794 805 1878 prelatis
828 1799 859 1859 et
880 1795 963 1859 clero
985 1800 1072 1857 orent
1086 1813 1192 1875 regern
1208 1801 1239 1858 et
1254 1792 1376 1878 placent

186 1903 314 1967 animum
335 1902 443 1966 iratum
464 1903 528 1968 eius
550 1903 581 1966 in
602 1904 763 1968 ciuitatem.
800 1904 857 1968 Die
879 1903 1055 1968 ascensionis
1079 1902 1165 1967 miles
1182 1903 1282 1988 Hapn,
1305 1901 1376 1966 olim
1395 1916 1433 1962 ra.
1449 1915 1502 1973 mo.

185 2013 330 2095 magister
344 2012 472 2085 ciuium,
497 2010 534 2076 ad
551 2012 669 2078 domum
687 2014 783 2078 surum
800 2013 930 2085 ducitur.
947 2012 1024 2077 insra
1041 2013 1186 2077 decimam
1202 2018 1233 2077 et
1248 2010 1376 2076 vndeci-

185 2111 261 2184 marn
277 2126 347 2185 anta
362 2120 493 2186 medium
509 2122 618 2195 noctis,
635 2126 668 2186 ut
684 2120 721 2185 ad
735 2121 843 2187 cordas
855 2126 1003 2186 tractetur
1018 2120 1058 2208 1).
1083 2121 1233 2186 llactenue
1245 2122 1275 2185 in
1287 2142 1378 2206 prae-

186 2229 246 2293 tica
263 2230 283 2294 7
299 2228 473 2313 schilliqos
490 2229 691 2302 denariorum,
708 2230 746 2295 sl
767 2229 919 2295 denarios,
936 2230 1038 2294 Nostri
1055 2228 1148 2312 legati
1165 2229 1215 2294 die
1228 2230 1377 2295 dominico
1396 2246 1433 2292 15.
1451 2244 1503 2303 nu.
1617 2304 1620 2312 ⁴

187 2343 272 2404 omns
287 2345 319 2403 et
334 2339 455 2425 placare
471 2338 600 2404 animum
617 2341 681 2406 eius
698 2342 846 2425 incipiunt
868 2346 900 2405 et
916 2343 949 2404 ut
964 2339 1016 2404 det
1031 2339 1149 2405 ciuibus
1165 2341 1322 2405 terminum
1339 2339 1377 2404 ad

185 2447 363 2513 mittendum
379 2449 502 2512 nuncios
518 2447 556 2512 ad
578 2448 801 2533 jmpcratorem.
834 2448 897 2514 Sed
918 2449 1033 2513 trustra
1065 2448 1108 2515 lio
1131 2449 1198 2522 die.
1227 2455 1258 2512 et
1281 2448 1377 2516 tercia

186 2558 278 2632 seria,
301 2562 333 2622 et
354 2558 455 2644 quinta
477 2558 554 2622 seria
576 2557 805 2631 laborauerunt,
826 2579 929 2624 aeruna
952 2558 1087 2624 inducias
1103 2558 1250 2643 predictis
1265 2559 1377 2643 septem

187 2668 294 2733 diebus
312 2666 397 2733 dedit
412 2687 466 2732 rex
482 2668 613 2741 ciuitati,
641 2669 671 2732 in
693 2656 801 2754 quibua
817 2688 835 2731 a
850 2667 931 2732 bello
947 2667 1088 2733 collatum
1105 2667 1157 2733 est.
1182 2667 1330 2733 Hactenus
1347 2669 1378 2732 in

185 2779 323 2863 practica
337 2777 366 2841 xi
383 2775 559 2859 schillingos
575 2768 782 2850 donariorum,
804 2796 892 2842 unum
910 2778 1052 2844 florenum
1068 2776 1287 2861 ungaricalem,
1304 2798 1378 2864 qna-

187 2892 257 2951 tuor
271 2886 365 2950 libras
390 2887 489 2952 carnis
513 2886 640 2952 succine
662 2892 692 2951 et
714 2890 848 2971 quartam
870 2890 989 2971 partem
1011 2907 1047 2951 er
1070 2887 1164 2953 ubere
1191 2887 1333 2962 vaccino,
1361 2907 1378 2950 a

190 2995 310 3061 domina
326 2995 365 3060 de
386 2995 589 3087 pottendurss.¹
610 2994 716 3080 ldmpta
739 2995 797 3060 suit
817 3014 910 3061 vacca
936 2995 979 3060 14
999 2996 1123 3061 florenis
1145 2994 1378 3078 ungaricalibus,

189 3110 315 3171 metreta
337 3105 435 3169 sarine
459 3105 624 3170 communis
642 3125 709 3170 cum
730 3103 895 3170 sursuribus
917 3104 1032 3170 duobus
1055 3107 1177 3170 florenis
1193 3104 1377 3170 renensibus.

187 3212 250 3299 lpsa
266 3233 340 3279 sero
350 3215 452 3300 quinta
469 3214 544 3279 seria
560 3213 599 3279 ad
614 3217 732 3279 noctem
748 3213 844 3278 omnis
860 3215 890 3277 in
911 3214 1002 3278 armis
1019 3214 1074 3280 suit
1090 3215 1197 3280 ciuitas
1212 3214 1243 3277 in
1260 3212 1377 3299 sepibus
1398 3229 1435 3277 rs.
1452 3228 1505 3287 mo.

188 3322 330 3406 suburbii,
347 3344 405 3389 non
418 3323 499 3389 aliud
515 3325 701 3407 cogitantes,
723 3344 811 3409 quam
834 3324 914 3409 quod
937 3345 991 3389 rex
1007 3324 1162 3389 straermarn
1185 3344 1220 3388 ca
1237 3327 1326 3388 nocte
1342 3322 1381 3386 lit

188 3431 333 3498 secturus.
347 3433 451 3498 Omnis
465 3433 552 3498 borno
564 3433 692 3498 viriliter
704 3453 739 3496 ea
753 3437 842 3497 nocte
853 3437 885 3497 et
896 3424 1023 3500 animose
1035 3434 1092 3499 boc
1105 3434 1184 3498 idem
1198 3433 1378 3518 expectauit,

191 3563 258 3626 ymo
274 3548 305 3608 et
319 3541 512 3608 desiderauit.
538 3542 627 3607 Mane
643 3544 732 3616 sacto,
751 3543 824 3607 hora
840 3542 958 3628 quinta,
976 3547 1179 3627 congregatur
1194 3541 1378 3608 rniuerfltas.
1397 3561 1436 3607 co.
1453 3558 1507 3617 mo.

191 3650 279 3716 Venit
295 3651 334 3716 ad
350 3672 415 3716 earu
432 3651 573 3742 magister
589 3652 699 3717 ciuium
716 3655 746 3716 et
762 3651 846 3716 multi
863 3654 956 3726 ciues,
973 3655 1170 3736 apportantes
1182 3649 1292 3717 multos
1306 3650 1382 3715 arti·

190 3760 275 3825 culos
291 3760 323 3824 in
339 3760 447 3825 cedula
464 3761 659 3846 conscriptos,
677 3761 814 3826 dicentes
830 3760 935 3834 nobis,
958 3760 980 3831 fi
996 3760 1070 3846 quid
1086 3759 1131 3824 eis
1148 3759 1262 3825 addere
1277 3757 1327 3823 uel
1345 3779 1381 3823 ex

190 3869 236 3932 eia
252 3868 406 3954 deponere
429 3870 585 3935 vellemus.
618 3869 818 3935 Continebant
842 3874 941 3936 antem
963 3869 1174 3943 condiciones,
1196 3868 1248 3933 sub
1270 3848 1381 3953 quibus

192 3977 318 4041 nostram
336 3978 492 4043 ciuitatem
507 3978 716 4051 Viennensem,
733 3977 812 4043 same
829 3977 1017 4062 compulsam,
1033 3978 1100 4061 regi
1117 3977 1232 4041 darent.
1249 3976 1381 4061 Respon-

190 4083 251 4149 sum
262 4085 322 4149 suit
332 4086 395 4151 eis:
407 4086 485 4151 bene
498 4085 559 4150 esse
570 4087 759 4171 compositos,
772 4092 803 4152 ot
812 4087 857 4151 eis
870 4087 1003 4173 placere,
1016 4091 1047 4150 et
1058 4086 1114 4158 eis,
1128 4084 1241 4150 scilicet
1253 4083 1381 4157 ciuibus,

230 4441 259 4518 ¹)
276 4446 329 4501 Dae
341 4445 377 4501 iat
388 4463 431 4502 um
445 4446 574 4520 „geaailt“
588 4465 619 4502 ru
632 4447 747 4503 werden.
773 4448 889 4517 „Domus
902 4446 1005 4501 surum‘⁴
1019 4445 1066 4501 dar
1084 4446 1137 4501 alte
1151 4445 1327 4518 „Deupbuus“
1340 4445 1384 4517 lag

279 4539 304 4592 iu
322 4538 371 4615 der
384 4538 685 4613 „Rundanateiugasee‚“
703 4540 777 4594 nicbt
792 4539 1089 4611 „llimrnelpsortguaae“
1103 4538 1152 4593 aie
1165 4554 1195 4590 es
1207 4536 1384 4592 allentbalben

276 4631 369 4694 beisat,
385 4630 438 4685 und
450 4633 523 4704 trlgt
530 4631 601 4702 jetzt
613 4631 655 4687 die
667 4633 790 4688 Nummer
802 4631 864 4686 933.
882 4631 971 4701 vergi.
984 4628 1134 4700 Schlager'a
1146 4628 1252 4683 Wiener
1266 4627 1385 4690 Skirren,

277 4721 303 4785 l,
323 4720 386 4776 181.

234 4838 324 4887 Fontes
342 4838 406 4886 lllll.
1150 4829 1168 4884 3
