<?xml version="1.0" encoding="UTF-8"?>
<!DOCTYPE html PUBLIC "-//W3C//DTD XHTML 1.0 Transitional//EN"
    "http://www.w3.org/TR/xhtml1/DTD/xhtml1-transitional.dtd">
<html xmlns="http://www.w3.org/1999/xhtml" xml:lang="en" lang="en">
 <head>
  <title>
</title>
<meta http-equiv="Content-Type" content="text/html;charset=utf-8" />
  <meta name='ocr-system' content='tesseract 3.04.00' />
  <meta name='ocr-capabilities' content='ocr_page ocr_carea ocr_par ocr_line ocrx_word'/>
</head>
<body>
  <div class='ocr_page' id='page_1' title='image "./fontesrerumaust03unkngoog_0243.png"; bbox 0 0 3300 5342; ppageno 0'>
   <div class='ocr_carea' id='block_1_1' title="bbox 278 501 906 590">
    <p class='ocr_par' dir='ltr' id='par_1_1' title="bbox 278 501 906 590">
     <span class='ocr_line' id='line_1_1' title="bbox 278 501 906 590; baseline 0.025 -19"><span class='ocrx_word' id='word_1_1' title='bbox 278 501 355 573; x_wconf 84' lang='lat'>212</span> <span class='ocrx_word' id='word_1_2' title='bbox 826 533 906 590; x_wconf 73' lang='lat' dir='ltr'>rurs.</span> 
     </span>
    </p>
   </div>
   <div class='ocr_carea' id='block_1_2' title="bbox 272 676 1462 1202">
    <p class='ocr_par' dir='ltr' id='par_1_2' title="bbox 272 676 1462 1202">
     <span class='ocr_line' id='line_1_2' title="bbox 275 676 1462 766; baseline 0.003 -26"><span class='ocrx_word' id='word_1_3' title='bbox 275 676 351 742; x_wconf 86' lang='lat' dir='ltr'>adeo</span> <span class='ocrx_word' id='word_1_4' title='bbox 367 697 473 760; x_wconf 86' lang='lat' dir='ltr'>magno</span> <span class='ocrx_word' id='word_1_5' title='bbox 490 677 602 742; x_wconf 88' lang='lat' dir='ltr'>sudore</span> <span class='ocrx_word' id='word_1_6' title='bbox 618 679 760 744; x_wconf 88' lang='lat' dir='ltr'>sustineri</span> <span class='ocrx_word' id='word_1_7' title='bbox 771 681 891 764; x_wconf 75' lang='lat' dir='ltr'>possit?</span> <span class='ocrx_word' id='word_1_8' title='bbox 915 681 1052 766; x_wconf 86' lang='lat' dir='ltr'>Denique</span> <span class='ocrx_word' id='word_1_9' title='bbox 1065 701 1099 744; x_wconf 88' lang='lat' dir='ltr'>ea</span> <span class='ocrx_word' id='word_1_10' title='bbox 1113 686 1161 746; x_wconf 89' lang='lat' dir='ltr'>est</span> <span class='ocrx_word' id='word_1_11' title='bbox 1172 682 1268 748; x_wconf 90' lang='lat' dir='ltr'>tocius</span> <span class='ocrx_word' id='word_1_12' title='bbox 1283 681 1462 746; x_wconf 86' lang='lat' dir='ltr'>Christiani-</span> 
     </span>
     <span class='ocr_line' id='line_1_3' title="bbox 273 778 1459 874; baseline 0.004 -24"><span class='ocrx_word' id='word_1_13' title='bbox 273 788 344 851; x_wconf 90' lang='lat' dir='ltr'>tatis</span> <span class='ocrx_word' id='word_1_14' title='bbox 362 786 400 851; x_wconf 89' lang='lat' dir='ltr'>de</span> <span class='ocrx_word' id='word_1_15' title='bbox 415 792 464 851; x_wconf 88' lang='lat' dir='ltr'>tua</span> <span class='ocrx_word' id='word_1_16' title='bbox 481 786 641 870; x_wconf 86' lang='lat' dir='ltr'>ldajestate</span> <span class='ocrx_word' id='word_1_17' title='bbox 657 809 737 872; x_wconf 89' lang='lat' dir='ltr'>spes,</span> <span class='ocrx_word' id='word_1_18' title='bbox 756 778 848 873; x_wconf 82' lang='lat' dir='ltr'>super</span> <span class='ocrx_word' id='word_1_19' title='bbox 864 788 944 874; x_wconf 91' lang='lat' dir='ltr'>quod</span> <span class='ocrx_word' id='word_1_20' title='bbox 958 794 1003 854; x_wconf 89' lang='lat' dir='ltr'>tot</span> <span class='ocrx_word' id='word_1_21' title='bbox 1020 790 1187 856; x_wconf 88' lang='lat' dir='ltr'>clarissima</span> <span class='ocrx_word' id='word_1_22' title='bbox 1199 795 1230 855; x_wconf 86' lang='lat' dir='ltr'>ct</span> <span class='ocrx_word' id='word_1_23' title='bbox 1246 792 1459 856; x_wconf 86' lang='lat' dir='ltr'>florentissima</span> 
     </span>
     <span class='ocr_line' id='line_1_4' title="bbox 272 894 1462 984; baseline 0.003 -24"><span class='ocrx_word' id='word_1_24' title='bbox 272 896 376 980; x_wconf 88' lang='lat' dir='ltr'>Regna</span> <span class='ocrx_word' id='word_1_25' title='bbox 393 901 423 960; x_wconf 88' lang='lat' dir='ltr'>te</span> <span class='ocrx_word' id='word_1_26' title='bbox 440 896 507 969; x_wconf 90' lang='lat' dir='ltr'>sibi,</span> <span class='ocrx_word' id='word_1_27' title='bbox 524 894 665 963; x_wconf 84' lang='lat' dir='ltr'>ambabus</span> <span class='ocrx_word' id='word_1_28' title='bbox 681 896 762 983; x_wconf 88' lang='lat' dir='ltr'>quod</span> <span class='ocrx_word' id='word_1_29' title='bbox 777 897 861 962; x_wconf 91' lang='lat' dir='ltr'>aiunt</span> <span class='ocrx_word' id='word_1_30' title='bbox 877 899 1029 972; x_wconf 91' lang='lat' dir='ltr'>manibus,</span> <span class='ocrx_word' id='word_1_31' title='bbox 1053 899 1168 981; x_wconf 84' lang='lat' dir='ltr'>Regem</span> <span class='ocrx_word' id='word_1_32' title='bbox 1185 906 1385 984; x_wconf 92' lang='lat' dir='ltr'>susceperunt</span> <span class='ocrx_word' id='word_1_33' title='bbox 1401 900 1462 963; x_wconf 87' lang='lat' dir='ltr'>Ro·</span> 
     </span>
     <span class='ocr_line' id='line_1_5' title="bbox 273 1004 1459 1090; baseline 0.003 -23"><span class='ocrx_word' id='word_1_34' title='bbox 273 1006 351 1068; x_wconf 86' lang='lat' dir='ltr'>mani</span> <span class='ocrx_word' id='word_1_35' title='bbox 367 1005 500 1090; x_wconf 88' lang='lat' dir='ltr'>Imperii,</span> <span class='ocrx_word' id='word_1_36' title='bbox 526 1026 584 1090; x_wconf 90' lang='lat' dir='ltr'>quo</span> <span class='ocrx_word' id='word_1_37' title='bbox 600 1005 790 1070; x_wconf 78' lang='lat' dir='ltr'><strong>Christianae</strong></span> <span class='ocrx_word' id='word_1_38' title='bbox 805 1006 1000 1090; x_wconf 78' lang='lat' dir='ltr'>Reipublicae</span> <span class='ocrx_word' id='word_1_39' title='bbox 1016 1008 1205 1074; x_wconf 81' lang='lat' dir='ltr'>incolumitas</span> <span class='ocrx_word' id='word_1_40' title='bbox 1222 1004 1297 1074; x_wconf 88' lang='lat' dir='ltr'>tulta</span> <span class='ocrx_word' id='word_1_41' title='bbox 1313 1030 1384 1074; x_wconf 91' lang='lat' dir='ltr'>esse</span> <span class='ocrx_word' id='word_1_42' title='bbox 1400 1030 1459 1073; x_wconf 92' lang='lat' dir='ltr'>non</span> 
     </span>
     <span class='ocr_line' id='line_1_6' title="bbox 273 1114 1460 1202; baseline 0.004 -26"><span class='ocrx_word' id='word_1_43' title='bbox 273 1114 420 1181; x_wconf 90' lang='lat' dir='ltr'>immerito</span> <span class='ocrx_word' id='word_1_44' title='bbox 437 1115 601 1180; x_wconf 82' lang='lat' dir='ltr'>existimari</span> <span class='ocrx_word' id='word_1_45' title='bbox 613 1120 722 1200; x_wconf 88' lang='lat' dir='ltr'>potest.</span> <span class='ocrx_word' id='word_1_46' title='bbox 747 1115 850 1190; x_wconf 87' lang='lat' dir='ltr'>Huius,</span> <span class='ocrx_word' id='word_1_47' title='bbox 867 1117 995 1202; x_wconf 89' lang='lat' dir='ltr'>inquam,</span> <span class='ocrx_word' id='word_1_48' title='bbox 1007 1116 1142 1182; x_wconf 77' lang='lat' dir='ltr'>habenae</span> <span class='ocrx_word' id='word_1_49' title='bbox 1154 1122 1222 1182; x_wconf 90' lang='lat' dir='ltr'>tuae</span> <span class='ocrx_word' id='word_1_50' title='bbox 1235 1118 1460 1183; x_wconf 85' lang='lat' dir='ltr'>sacratissimae</span> 
     </span>
    </p>
   </div>
   <div class='ocr_carea' id='block_1_3' title="bbox 271 1220 1459 1311">
    <p class='ocr_par' dir='ltr' id='par_1_3' title="bbox 271 1220 1459 1311">
     <span class='ocr_line' id='line_1_7' title="bbox 271 1220 1459 1311; baseline 0.003 -24"><span class='ocrx_word' id='word_1_51' title='bbox 271 1223 422 1288; x_wconf 87' lang='lat' dir='ltr'>Maiestati</span> <span class='ocrx_word' id='word_1_52' title='bbox 447 1226 602 1291; x_wconf 87' lang='lat' dir='ltr'>tractande</span> <span class='ocrx_word' id='word_1_53' title='bbox 629 1226 704 1311; x_wconf 81' lang='lat' dir='ltr'>(Bi.</span> <span class='ocrx_word' id='word_1_54' title='bbox 725 1220 844 1309; x_wconf 78' lang='lat'><strong><em>165⁶.)</em></strong></span> <span class='ocrx_word' id='word_1_55' title='bbox 872 1228 1049 1292; x_wconf 76' lang='lat' dir='ltr'>commissae</span> <span class='ocrx_word' id='word_1_56' title='bbox 1076 1231 1160 1292; x_wconf 89' lang='lat' dir='ltr'>suntl</span> <span class='ocrx_word' id='word_1_57' title='bbox 1203 1226 1289 1308; x_wconf 82' lang='lat' dir='ltr'>Quod</span> <span class='ocrx_word' id='word_1_58' title='bbox 1317 1228 1459 1311; x_wconf 86' lang='lat' dir='ltr'>equidem</span> 
     </span>
    </p>
   </div>
   <div class='ocr_carea' id='block_1_4' title="bbox 152 1328 1457 1423">
    <p class='ocr_par' dir='ltr' id='par_1_4' title="bbox 152 1328 1457 1423">
     <span class='ocr_line' id='line_1_8' title="bbox 152 1328 1457 1423; baseline 0.002 -25"><span class='ocrx_word' id='word_1_59' title='bbox 152 1362 159 1371; x_wconf 95' lang='lat'><strong>·</strong></span> <span class='ocrx_word' id='word_1_60' title='bbox 270 1331 372 1398; x_wconf 83' lang='lat' dir='ltr'>verbis</span> <span class='ocrx_word' id='word_1_61' title='bbox 389 1336 534 1418; x_wconf 79' lang='lat' dir='ltr'>consequi</span> <span class='ocrx_word' id='word_1_62' title='bbox 551 1334 631 1400; x_wconf 93' lang='lat' dir='ltr'>nullo</span> <span class='ocrx_word' id='word_1_63' title='bbox 647 1340 736 1421; x_wconf 87' lang='lat' dir='ltr'>pacto</span> <span class='ocrx_word' id='word_1_64' title='bbox 753 1355 876 1421; x_wconf 89' lang='lat' dir='ltr'>queam,</span> <span class='ocrx_word' id='word_1_65' title='bbox 898 1356 955 1420; x_wconf 88' lang='lat' dir='ltr'>quo</span> <span class='ocrx_word' id='word_1_66' title='bbox 983 1328 1121 1419; x_wconf 78' lang='lat' dir='ltr'>gaudio,</span> <span class='ocrx_word' id='word_1_67' title='bbox 1133 1342 1240 1423; x_wconf 89' lang='lat' dir='ltr'>quanta</span> <span class='ocrx_word' id='word_1_68' title='bbox 1256 1336 1374 1401; x_wconf 86' lang='lat' dir='ltr'>laeticia</span> <span class='ocrx_word' id='word_1_69' title='bbox 1391 1357 1457 1412; x_wconf 88' lang='lat' dir='ltr'>nos,</span> 
     </span>
    </p>
   </div>
   <div class='ocr_carea' id='block_1_5' title="bbox 264 1443 1534 4161">
    <p class='ocr_par' dir='ltr' id='par_1_5' title="bbox 270 1443 1488 1532">
     <span class='ocr_line' id='line_1_9' title="bbox 270 1443 1488 1532; baseline 0.002 -26"><span class='ocrx_word' id='word_1_70' title='bbox 270 1446 387 1508; x_wconf 90' lang='lat' dir='ltr'>tuarum</span> <span class='ocrx_word' id='word_1_71' title='bbox 402 1443 622 1528; x_wconf 86' lang='lat' dir='ltr'>prouinciarum</span> <span class='ocrx_word' id='word_1_72' title='bbox 638 1443 765 1519; x_wconf 88' lang='lat' dir='ltr'>incolas,</span> <span class='ocrx_word' id='word_1_73' title='bbox 780 1444 957 1529; x_wconf 84' lang='lat' dir='ltr'>expleuerit,</span> <span class='ocrx_word' id='word_1_74' title='bbox 979 1467 1067 1532; x_wconf 92' lang='lat' dir='ltr'>quum</span> <span class='ocrx_word' id='word_1_75' title='bbox 1091 1467 1144 1511; x_wconf 90' lang='lat' dir='ltr'>nos</span> <span class='ocrx_word' id='word_1_76' title='bbox 1161 1446 1321 1511; x_wconf 91' lang='lat' dir='ltr'>earundem</span> <span class='ocrx_word' id='word_1_77' title='bbox 1338 1447 1459 1511; x_wconf 83' lang='lat' dir='ltr'>nornine</span> <span class='ocrx_word' id='word_1_78' title='bbox 1486 1484 1488 1487; x_wconf 94' lang='lat'><em>-</em></span> 
     </span>
    </p>

    <p class='ocr_par' dir='ltr' id='par_1_6' title="bbox 264 1552 1534 4161">
     <span class='ocr_line' id='line_1_10' title="bbox 270 1552 1534 1640; baseline 0.002 -24"><span class='ocrx_word' id='word_1_79' title='bbox 270 1552 436 1617; x_wconf 88' lang='lat' dir='ltr'>nonsnlum</span> <span class='ocrx_word' id='word_1_80' title='bbox 449 1553 687 1627; x_wconf 85' lang='lat' dir='ltr'>tuaeblaiestati,</span> <span class='ocrx_word' id='word_1_81' title='bbox 699 1555 1260 1640; x_wconf 81' lang='lat' dir='ltr'>uerumetiamuniuersaeReipublicae</span> <span class='ocrx_word' id='word_1_82' title='bbox 1268 1553 1458 1619; x_wconf 83' lang='lat' dir='ltr'>Christianae</span> <span class='ocrx_word' id='word_1_83' title='bbox 1532 1601 1534 1605; x_wconf 87' lang='lat'>-</span> 
     </span>
     <span class='ocr_line' id='line_1_11' title="bbox 270 1661 1457 1749; baseline 0.003 -25"><span class='ocrx_word' id='word_1_84' title='bbox 270 1661 464 1745; x_wconf 74' lang='lat' dir='ltr'>gratulemur,</span> <span class='ocrx_word' id='word_1_85' title='bbox 478 1666 509 1726; x_wconf 91' lang='lat' dir='ltr'>et</span> <span class='ocrx_word' id='word_1_86' title='bbox 520 1664 599 1729; x_wconf 89' lang='lat' dir='ltr'>iuste</span> <span class='ocrx_word' id='word_1_87' title='bbox 610 1663 732 1749; x_wconf 92' lang='lat' dir='ltr'>quidem</span> <span class='ocrx_word' id='word_1_88' title='bbox 743 1663 918 1748; x_wconf 87' lang='lat' dir='ltr'>gaudemus.</span> <span class='ocrx_word' id='word_1_89' title='bbox 935 1665 1009 1731; x_wconf 88' lang='lat' dir='ltr'>Nam</span> <span class='ocrx_word' id='word_1_90' title='bbox 1022 1666 1209 1731; x_wconf 81' lang='lat' dir='ltr'>Maiestatem</span> <span class='ocrx_word' id='word_1_91' title='bbox 1220 1673 1310 1739; x_wconf 88' lang='lat' dir='ltr'>tuam,</span> <span class='ocrx_word' id='word_1_92' title='bbox 1322 1684 1380 1728; x_wconf 86' lang='lat' dir='ltr'>una</span> <span class='ocrx_word' id='word_1_93' title='bbox 1389 1685 1457 1728; x_wconf 91' lang='lat' dir='ltr'>cum</span> 
     </span>
     <span class='ocr_line' id='line_1_12' title="bbox 269 1770 1457 1861; baseline 0.002 -25"><span class='ocrx_word' id='word_1_94' title='bbox 269 1770 471 1837; x_wconf 89' lang='lat' dir='ltr'>illustrissimo</span> <span class='ocrx_word' id='word_1_95' title='bbox 495 1773 634 1857; x_wconf 79' lang='lat' dir='ltr'>principe</span> <span class='ocrx_word' id='word_1_96' title='bbox 651 1772 769 1839; x_wconf 88' lang='lat' dir='ltr'>domino</span> <span class='ocrx_word' id='word_1_97' title='bbox 785 1772 992 1849; x_wconf 84' lang='lat' dir='ltr'>Perdinando,</span> <span class='ocrx_word' id='word_1_98' title='bbox 1016 1794 1070 1861; x_wconf 92' lang='lat' dir='ltr'>pro</span> <span class='ocrx_word' id='word_1_99' title='bbox 1095 1778 1176 1840; x_wconf 91' lang='lat' dir='ltr'>ueris</span> <span class='ocrx_word' id='word_1_100' title='bbox 1199 1775 1311 1840; x_wconf 74' lang='lat' dir='ltr'>nosbis</span> <span class='ocrx_word' id='word_1_101' title='bbox 1335 1779 1457 1839; x_wconf 89' lang='lat' dir='ltr'>etcum</span> 
     </span>
     <span class='ocr_line' id='line_1_13' title="bbox 270 1881 1458 1969; baseline 0.003 -23"><span class='ocrx_word' id='word_1_102' title='bbox 270 1886 385 1956; x_wconf 90' lang='lat' dir='ltr'>natura,</span> <span class='ocrx_word' id='word_1_103' title='bbox 412 1887 473 1946; x_wconf 93' lang='lat' dir='ltr'>tum</span> <span class='ocrx_word' id='word_1_104' title='bbox 490 1882 580 1946; x_wconf 90' lang='lat' dir='ltr'>etiam</span> <span class='ocrx_word' id='word_1_105' title='bbox 595 1882 651 1947; x_wconf 88' lang='lat' dir='ltr'>Dei</span> <span class='ocrx_word' id='word_1_106' title='bbox 667 1881 857 1966; x_wconf 88' lang='lat' dir='ltr'>prouidentia</span> <span class='ocrx_word' id='word_1_107' title='bbox 875 1883 961 1948; x_wconf 91' lang='lat' dir='ltr'>nobis</span> <span class='ocrx_word' id='word_1_108' title='bbox 977 1884 1136 1949; x_wconf 89' lang='lat' dir='ltr'>destinatis</span> <span class='ocrx_word' id='word_1_109' title='bbox 1153 1882 1343 1969; x_wconf 88' lang='lat' dir='ltr'>Principibus</span> <span class='ocrx_word' id='word_1_110' title='bbox 1359 1883 1458 1949; x_wconf 87' lang='lat' dir='ltr'>domi-</span> 
     </span>
     <span class='ocr_line' id='line_1_14' title="bbox 269 1991 1456 2076; baseline 0.003 -23"><span class='ocrx_word' id='word_1_111' title='bbox 269 1991 377 2076; x_wconf 89' lang='lat' dir='ltr'>nisque</span> <span class='ocrx_word' id='word_1_112' title='bbox 393 1992 597 2075; x_wconf 79' lang='lat' dir='ltr'>agnoscimus,</span> <span class='ocrx_word' id='word_1_113' title='bbox 620 1992 783 2076; x_wconf 85' lang='lat' dir='ltr'>recipimus</span> <span class='ocrx_word' id='word_1_114' title='bbox 809 1997 842 2056; x_wconf 89' lang='lat' dir='ltr'>et</span> <span class='ocrx_word' id='word_1_115' title='bbox 856 1992 1080 2058; x_wconf 79' lang='lat' dir='ltr'>exosculamur!</span> <span class='ocrx_word' id='word_1_116' title='bbox 1104 1992 1185 2068; x_wconf 92' lang='lat' dir='ltr'>lmo,</span> <span class='ocrx_word' id='word_1_117' title='bbox 1208 1998 1241 2057; x_wconf 92' lang='lat' dir='ltr'>ut</span> <span class='ocrx_word' id='word_1_118' title='bbox 1261 1994 1356 2058; x_wconf 85' lang='lat' dir='ltr'>nostri</span> <span class='ocrx_word' id='word_1_119' title='bbox 1377 1993 1456 2067; x_wconf 90' lang='lat' dir='ltr'>sitis,</span> 
     </span>
     <span class='ocr_line' id='line_1_15' title="bbox 270 2100 1455 2175; baseline 0.002 -11"><span class='ocrx_word' id='word_1_120' title='bbox 270 2102 406 2165; x_wconf 82' lang='lat' dir='ltr'>certatim</span> <span class='ocrx_word' id='word_1_121' title='bbox 423 2120 525 2166; x_wconf 89' lang='lat' dir='ltr'>omnes</span> <span class='ocrx_word' id='word_1_122' title='bbox 542 2100 759 2175; x_wconf 88' lang='lat' dir='ltr'>contendimus,</span> <span class='ocrx_word' id='word_1_123' title='bbox 776 2108 877 2167; x_wconf 90' lang='lat' dir='ltr'>nostro</span> <span class='ocrx_word' id='word_1_124' title='bbox 891 2100 1030 2168; x_wconf 83' lang='lat' dir='ltr'>Oratorio</span> <span class='ocrx_word' id='word_1_125' title='bbox 1043 2123 1167 2169; x_wconf 90' lang='lat' dir='ltr'>munere</span> <span class='ocrx_word' id='word_1_126' title='bbox 1178 2124 1214 2167; x_wconf 92' lang='lat' dir='ltr'>ea</span> <span class='ocrx_word' id='word_1_127' title='bbox 1228 2103 1350 2168; x_wconf 87' lang='lat' dir='ltr'>maxima</span> <span class='ocrx_word' id='word_1_128' title='bbox 1364 2123 1455 2167; x_wconf 89' lang='lat' dir='ltr'>causa</span> 
     </span>
     <span class='ocr_line' id='line_1_16' title="bbox 269 2210 1455 2298; baseline 0.001 -22"><span class='ocrx_word' id='word_1_129' title='bbox 269 2210 307 2276; x_wconf 86' lang='lat' dir='ltr'>ad</span> <span class='ocrx_word' id='word_1_130' title='bbox 322 2217 402 2275; x_wconf 86' lang='lat' dir='ltr'>tuam</span> <span class='ocrx_word' id='word_1_131' title='bbox 418 2211 605 2276; x_wconf 89' lang='lat' dir='ltr'>blaiestatem</span> <span class='ocrx_word' id='word_1_132' title='bbox 628 2212 774 2276; x_wconf 88' lang='lat' dir='ltr'>ordinato.</span> <span class='ocrx_word' id='word_1_133' title='bbox 805 2211 939 2298; x_wconf 85' lang='lat' dir='ltr'>Cumque</span> <span class='ocrx_word' id='word_1_134' title='bbox 961 2219 1095 2286; x_wconf 88' lang='lat' dir='ltr'>constet,</span> <span class='ocrx_word' id='word_1_135' title='bbox 1118 2235 1221 2279; x_wconf 90' lang='lat' dir='ltr'>omnes</span> <span class='ocrx_word' id='word_1_136' title='bbox 1243 2217 1363 2278; x_wconf 90' lang='lat' dir='ltr'>nostros</span> <span class='ocrx_word' id='word_1_137' title='bbox 1383 2233 1455 2296; x_wconf 93' lang='lat' dir='ltr'>pro·</span> 
     </span>
     <span class='ocr_line' id='line_1_17' title="bbox 268 2321 1456 2408; baseline 0 -22"><span class='ocrx_word' id='word_1_138' title='bbox 268 2321 433 2386; x_wconf 78' lang='lat' dir='ltr'>vinciarum</span> <span class='ocrx_word' id='word_1_139' title='bbox 456 2321 595 2386; x_wconf 76' lang='lat' dir='ltr'>nustriae</span> <span class='ocrx_word' id='word_1_140' title='bbox 618 2321 751 2385; x_wconf 90' lang='lat' dir='ltr'>cultores</span> <span class='ocrx_word' id='word_1_141' title='bbox 772 2323 909 2406; x_wconf 89' lang='lat' dir='ltr'>optimis,</span> <span class='ocrx_word' id='word_1_142' title='bbox 933 2321 1149 2401; x_wconf 86' lang='lat' dir='ltr'>clementibus,</span> <span class='ocrx_word' id='word_1_143' title='bbox 1168 2323 1404 2408; x_wconf 87' lang='lat' dir='ltr'>justissimisque</span> <span class='ocrx_word' id='word_1_144' title='bbox 1425 2326 1456 2387; x_wconf 90' lang='lat' dir='ltr'>et</span> 
     </span>
     <span class='ocr_line' id='line_1_18' title="bbox 268 2408 1454 2518; baseline 0.002 -24"><span class='ocrx_word' id='word_1_145' title='bbox 268 2429 514 2513; x_wconf 90' lang='lat' dir='ltr'>generosissimis</span> <span class='ocrx_word' id='word_1_146' title='bbox 531 2429 722 2515; x_wconf 89' lang='lat' dir='ltr'>Principibus</span> <span class='ocrx_word' id='word_1_147' title='bbox 736 2431 801 2495; x_wconf 90' lang='lat' dir='ltr'>suis</span> <span class='ocrx_word' id='word_1_148' title='bbox 811 2431 889 2495; x_wconf 92' lang='lat' dir='ltr'>omui</span> <span class='ocrx_word' id='word_1_149' title='bbox 903 2408 979 2505; x_wconf 80' lang='lat' dir='ltr'>loco,</span> <span class='ocrx_word' id='word_1_150' title='bbox 994 2433 1072 2496; x_wconf 89' lang='lat' dir='ltr'>omni</span> <span class='ocrx_word' id='word_1_151' title='bbox 1085 2439 1231 2518; x_wconf 86' lang='lat' dir='ltr'>tempore,</span> <span class='ocrx_word' id='word_1_152' title='bbox 1244 2434 1319 2516; x_wconf 81' lang='lat' dir='ltr'>(Bt.</span> <span class='ocrx_word' id='word_1_153' title='bbox 1333 2432 1454 2515; x_wconf 73' lang='lat'><strong><em>166⁶.)</em></strong></span> 
     </span>
     <span class='ocr_line' id='line_1_19' title="bbox 269 2538 1454 2624; baseline 0 -22"><span class='ocrx_word' id='word_1_154' title='bbox 269 2538 306 2603; x_wconf 88' lang='lat' dir='ltr'>ad</span> <span class='ocrx_word' id='word_1_155' title='bbox 323 2538 457 2623; x_wconf 90' lang='lat' dir='ltr'>singulos</span> <span class='ocrx_word' id='word_1_156' title='bbox 474 2540 563 2604; x_wconf 91' lang='lat' dir='ltr'>etiam</span> <span class='ocrx_word' id='word_1_157' title='bbox 581 2544 685 2612; x_wconf 90' lang='lat' dir='ltr'>nutus,</span> <span class='ocrx_word' id='word_1_158' title='bbox 703 2560 762 2603; x_wconf 92' lang='lat' dir='ltr'>non</span> <span class='ocrx_word' id='word_1_159' title='bbox 778 2560 877 2604; x_wconf 87' lang='lat' dir='ltr'>rerum</span> <span class='ocrx_word' id='word_1_160' title='bbox 893 2545 1006 2604; x_wconf 90' lang='lat' dir='ltr'>tantum</span> <span class='ocrx_word' id='word_1_161' title='bbox 1022 2560 1143 2604; x_wconf 89' lang='lat' dir='ltr'>suarum</span> <span class='ocrx_word' id='word_1_162' title='bbox 1161 2538 1334 2624; x_wconf 89' lang='lat' dir='ltr'>dispendio,</span> <span class='ocrx_word' id='word_1_163' title='bbox 1350 2559 1454 2606; x_wconf 84' lang='lat' dir='ltr'>verum</span> 
     </span>
     <span class='ocr_line' id='line_1_20' title="bbox 268 2646 1454 2735; baseline 0.001 -23"><span class='ocrx_word' id='word_1_164' title='bbox 268 2646 356 2712; x_wconf 87' lang='lat' dir='ltr'>etiarn</span> <span class='ocrx_word' id='word_1_165' title='bbox 372 2650 453 2713; x_wconf 84' lang='lat' dir='ltr'>vitae</span> <span class='ocrx_word' id='word_1_166' title='bbox 469 2655 500 2713; x_wconf 88' lang='lat' dir='ltr'>et</span> <span class='ocrx_word' id='word_1_167' title='bbox 516 2650 624 2732; x_wconf 90' lang='lat' dir='ltr'>partim</span> <span class='ocrx_word' id='word_1_168' title='bbox 642 2648 775 2733; x_wconf 89' lang='lat' dir='ltr'>periculo</span> <span class='ocrx_word' id='word_1_169' title='bbox 792 2654 822 2714; x_wconf 90' lang='lat' dir='ltr'>et</span> <span class='ocrx_word' id='word_1_170' title='bbox 838 2649 994 2732; x_wconf 87' lang='lat' dir='ltr'>sanguinis</span> <span class='ocrx_word' id='word_1_171' title='bbox 1011 2649 1070 2713; x_wconf 85' lang='lat' dir='ltr'>tusi</span> <span class='ocrx_word' id='word_1_172' title='bbox 1089 2649 1234 2734; x_wconf 83' lang='lat' dir='ltr'>exemplis</span> <span class='ocrx_word' id='word_1_173' title='bbox 1251 2649 1454 2735; x_wconf 89' lang='lat' dir='ltr'>promtissime</span> 
     </span>
     <span class='ocr_line' id='line_1_21' title="bbox 267 2756 1456 2844; baseline 0 -23"><span class='ocrx_word' id='word_1_174' title='bbox 267 2756 407 2831; x_wconf 87' lang='lat' dir='ltr'>affuisse,</span> <span class='ocrx_word' id='word_1_175' title='bbox 431 2756 597 2823; x_wconf 87' lang='lat' dir='ltr'>conandum</span> <span class='ocrx_word' id='word_1_176' title='bbox 619 2759 679 2822; x_wconf 90' lang='lat' dir='ltr'>erit</span> <span class='ocrx_word' id='word_1_177' title='bbox 697 2756 800 2832; x_wconf 90' lang='lat' dir='ltr'>nobis,</span> <span class='ocrx_word' id='word_1_178' title='bbox 827 2763 859 2823; x_wconf 90' lang='lat' dir='ltr'>ut</span> <span class='ocrx_word' id='word_1_179' title='bbox 880 2760 1065 2844; x_wconf 87' lang='lat' dir='ltr'>posteritatis</span> <span class='ocrx_word' id='word_1_180' title='bbox 1093 2779 1222 2843; x_wconf 83' lang='lat' dir='ltr'>syncera</span> <span class='ocrx_word' id='word_1_181' title='bbox 1238 2759 1411 2824; x_wconf 87' lang='lat' dir='ltr'>testimonie</span> <span class='ocrx_word' id='word_1_182' title='bbox 1426 2760 1456 2822; x_wconf 93' lang='lat' dir='ltr'>in</span> 
     </span>
     <span class='ocr_line' id='line_1_22' title="bbox 266 2865 1457 2954; baseline 0 -23"><span class='ocrx_word' id='word_1_183' title='bbox 266 2871 317 2931; x_wconf 87' lang='lat' dir='ltr'>tua</span> <span class='ocrx_word' id='word_1_184' title='bbox 333 2865 491 2932; x_wconf 83' lang='lat' dir='ltr'>Maiestate</span> <span class='ocrx_word' id='word_1_185' title='bbox 507 2866 642 2941; x_wconf 87' lang='lat' dir='ltr'>colenda,</span> <span class='ocrx_word' id='word_1_186' title='bbox 659 2869 689 2931; x_wconf 94' lang='lat' dir='ltr'>in</span> <span class='ocrx_word' id='word_1_187' title='bbox 701 2867 794 2933; x_wconf 86' lang='lat' dir='ltr'>tratre</span> <span class='ocrx_word' id='word_1_188' title='bbox 809 2867 1011 2942; x_wconf 84' lang='lat' dir='ltr'>Ferdinaudo,</span> <span class='ocrx_word' id='word_1_189' title='bbox 1030 2867 1172 2954; x_wconf 84' lang='lat' dir='ltr'>Principe</span> <span class='ocrx_word' id='word_1_190' title='bbox 1196 2874 1300 2933; x_wconf 88' lang='lat' dir='ltr'>nostro</span> <span class='ocrx_word' id='word_1_191' title='bbox 1312 2868 1457 2934; x_wconf 88' lang='lat' dir='ltr'>illustris·</span> 
     </span>
     <span class='ocr_line' id='line_1_23' title="bbox 266 2975 1455 3062; baseline 0.001 -22"><span class='ocrx_word' id='word_1_192' title='bbox 266 2976 353 3050; x_wconf 92' lang='lat' dir='ltr'>simo,</span> <span class='ocrx_word' id='word_1_193' title='bbox 369 2975 535 3048; x_wconf 87' lang='lat' dir='ltr'>tractando,</span> <span class='ocrx_word' id='word_1_194' title='bbox 552 2977 786 3062; x_wconf 87' lang='lat' dir='ltr'>omnitempore,</span> <span class='ocrx_word' id='word_1_195' title='bbox 799 2977 1037 3052; x_wconf 49' lang='lat' dir='ltr'>studio,⁴olticio,</span> <span class='ocrx_word' id='word_1_196' title='bbox 1051 2977 1244 3042; x_wconf 83' lang='lat' dir='ltr'>obseruantia</span> <span class='ocrx_word' id='word_1_197' title='bbox 1256 2982 1356 3042; x_wconf 87' lang='lat' dir='ltr'>nostra</span> <span class='ocrx_word' id='word_1_198' title='bbox 1369 2980 1455 3041; x_wconf 89' lang='lat' dir='ltr'>ante·</span> 
     </span>
     <span class='ocr_line' id='line_1_24' title="bbox 266 3085 1455 3170; baseline 0 -20"><span class='ocrx_word' id='word_1_199' title='bbox 266 3107 405 3151; x_wconf 86' lang='lat' dir='ltr'>cessores</span> <span class='ocrx_word' id='word_1_200' title='bbox 422 3091 543 3150; x_wconf 88' lang='lat' dir='ltr'>nostros</span> <span class='ocrx_word' id='word_1_201' title='bbox 559 3106 616 3150; x_wconf 90' lang='lat' dir='ltr'>uon</span> <span class='ocrx_word' id='word_1_202' title='bbox 634 3105 779 3170; x_wconf 90' lang='lat' dir='ltr'>aequasse</span> <span class='ocrx_word' id='word_1_203' title='bbox 796 3085 911 3160; x_wconf 89' lang='lat' dir='ltr'>solum,</span> <span class='ocrx_word' id='word_1_204' title='bbox 935 3085 990 3151; x_wconf 92' lang='lat' dir='ltr'>sed</span> <span class='ocrx_word' id='word_1_205' title='bbox 1012 3106 1172 3170; x_wconf 87' lang='lat' dir='ltr'>superasse</span> <span class='ocrx_word' id='word_1_206' title='bbox 1195 3088 1301 3150; x_wconf 87' lang='lat' dir='ltr'>merito</span> <span class='ocrx_word' id='word_1_207' title='bbox 1329 3087 1455 3150; x_wconf 87' lang='lat' dir='ltr'>iudicari</span> 
     </span>
     <span class='ocr_line' id='line_1_25' title="bbox 266 3193 1455 3287; baseline -0.001 -28"><span class='ocrx_word' id='word_1_208' title='bbox 266 3196 425 3282; x_wconf 88' lang='lat' dir='ltr'>possimus.</span> <span class='ocrx_word' id='word_1_209' title='bbox 451 3193 524 3259; x_wconf 82' lang='lat' dir='ltr'>Cum</span> <span class='ocrx_word' id='word_1_210' title='bbox 549 3194 632 3260; x_wconf 87' lang='lat' dir='ltr'>firma</span> <span class='ocrx_word' id='word_1_211' title='bbox 653 3196 711 3259; x_wconf 88' lang='lat' dir='ltr'>iarn</span> <span class='ocrx_word' id='word_1_212' title='bbox 736 3195 814 3279; x_wconf 89' lang='lat' dir='ltr'>apud</span> <span class='ocrx_word' id='word_1_213' title='bbox 843 3214 946 3260; x_wconf 89' lang='lat' dir='ltr'>omnes</span> <span class='ocrx_word' id='word_1_214' title='bbox 963 3197 1003 3260; x_wconf 91' lang='lat' dir='ltr'>sit</span> <span class='ocrx_word' id='word_1_215' title='bbox 1019 3198 1186 3268; x_wconf 88' lang='lat' dir='ltr'>sententia,</span> <span class='ocrx_word' id='word_1_216' title='bbox 1206 3197 1249 3287; x_wconf 88' lang='lat' dir='ltr'>nil</span> <span class='ocrx_word' id='word_1_217' title='bbox 1267 3215 1353 3268; x_wconf 88' lang='lat' dir='ltr'>esse,</span> <span class='ocrx_word' id='word_1_218' title='bbox 1375 3196 1455 3280; x_wconf 90' lang='lat' dir='ltr'>quod</span> 
     </span>
     <span class='ocr_line' id='line_1_26' title="bbox 266 3304 1454 3376; baseline -0.004 -4"><span class='ocrx_word' id='word_1_219' title='bbox 266 3306 362 3372; x_wconf 75' lang='lat' dir='ltr'>vestri</span> <span class='ocrx_word' id='word_1_220' title='bbox 378 3326 469 3371; x_wconf 89' lang='lat' dir='ltr'>causa</span> <span class='ocrx_word' id='word_1_221' title='bbox 486 3304 613 3370; x_wconf 88' lang='lat' dir='ltr'>subituri</span> <span class='ocrx_word' id='word_1_222' title='bbox 636 3325 693 3367; x_wconf 93' lang='lat' dir='ltr'>non</span> <span class='ocrx_word' id='word_1_223' title='bbox 715 3306 818 3369; x_wconf 90' lang='lat' dir='ltr'>simus.</span> <span class='ocrx_word' id='word_1_224' title='bbox 851 3305 948 3369; x_wconf 83' lang='lat' dir='ltr'>Tanta</span> <span class='ocrx_word' id='word_1_225' title='bbox 971 3304 1022 3369; x_wconf 90' lang='lat' dir='ltr'>illa</span> <span class='ocrx_word' id='word_1_226' title='bbox 1045 3305 1132 3369; x_wconf 90' lang='lat' dir='ltr'>nobis</span> <span class='ocrx_word' id='word_1_227' title='bbox 1156 3304 1302 3369; x_wconf 78' lang='lat' dir='ltr'>faelicitas</span> <span class='ocrx_word' id='word_1_228' title='bbox 1326 3305 1454 3376; x_wconf 84' lang='lat' dir='ltr'>eveniat,</span> 
     </span>
     <span class='ocr_line' id='line_1_27' title="bbox 266 3401 1457 3500; baseline -0.002 -19"><span class='ocrx_word' id='word_1_229' title='bbox 266 3421 299 3481; x_wconf 91' lang='lat' dir='ltr'>ut</span> <span class='ocrx_word' id='word_1_230' title='bbox 314 3417 345 3481; x_wconf 94' lang='lat' dir='ltr'>iu</span> <span class='ocrx_word' id='word_1_231' title='bbox 360 3418 450 3481; x_wconf 86' lang='lat' dir='ltr'>terris</span> <span class='ocrx_word' id='word_1_232' title='bbox 468 3417 595 3488; x_wconf 87' lang='lat' dir='ltr'>nostris,</span> <span class='ocrx_word' id='word_1_233' title='bbox 627 3417 685 3480; x_wconf 89' lang='lat' dir='ltr'>irno</span> <span class='ocrx_word' id='word_1_234' title='bbox 703 3435 805 3479; x_wconf 84' lang='lat' dir='ltr'>rerum</span> <span class='ocrx_word' id='word_1_235' title='bbox 821 3419 952 3488; x_wconf 85' lang='lat' dir='ltr'>vestris,</span> <span class='ocrx_word' id='word_1_236' title='bbox 975 3420 1134 3500; x_wconf 86' lang='lat' dir='ltr'>utrumque</span> <span class='ocrx_word' id='word_1_237' title='bbox 1149 3401 1329 3479; x_wconf 89' lang='lat' dir='ltr'>haberemus</span> <span class='ocrx_word' id='word_1_238' title='bbox 1344 3435 1457 3498; x_wconf 86' lang='lat' dir='ltr'>regna·</span> 
     </span>
     <span class='ocr_line' id='line_1_28' title="bbox 268 3502 1455 3610; baseline -0.001 -22"><span class='ocrx_word' id='word_1_239' title='bbox 268 3528 381 3600; x_wconf 88' lang='lat' dir='ltr'>torem,</span> <span class='ocrx_word' id='word_1_240' title='bbox 405 3525 482 3610; x_wconf 88' lang='lat' dir='ltr'>quod</span> <span class='ocrx_word' id='word_1_241' title='bbox 508 3522 677 3588; x_wconf 85' lang='lat' dir='ltr'>incredibili</span> <span class='ocrx_word' id='word_1_242' title='bbox 694 3523 846 3588; x_wconf 89' lang='lat' dir='ltr'>desiderio</span> <span class='ocrx_word' id='word_1_243' title='bbox 863 3522 900 3589; x_wconf 89' lang='lat' dir='ltr'>ab</span> <span class='ocrx_word' id='word_1_244' title='bbox 917 3502 1052 3589; x_wconf 81' lang='lat' dir='ltr'>omnibus</span> <span class='ocrx_word' id='word_1_245' title='bbox 1069 3527 1229 3609; x_wconf 85' lang='lat' dir='ltr'>expetiturl</span> <span class='ocrx_word' id='word_1_246' title='bbox 1255 3524 1341 3607; x_wconf 79' lang='lat' dir='ltr'>Quod</span> <span class='ocrx_word' id='word_1_247' title='bbox 1357 3524 1400 3598; x_wconf 89' lang='lat' dir='ltr'>si,</span> <span class='ocrx_word' id='word_1_248' title='bbox 1423 3530 1455 3587; x_wconf 93' lang='lat' dir='ltr'>ut</span> 
     </span>
     <span class='ocr_line' id='line_1_29' title="bbox 265 3631 1455 3722; baseline -0.003 -22"><span class='ocrx_word' id='word_1_249' title='bbox 265 3656 430 3722; x_wconf 89' lang='lat' dir='ltr'>speramus,</span> <span class='ocrx_word' id='word_1_250' title='bbox 448 3635 514 3697; x_wconf 89' lang='lat' dir='ltr'>lieri</span> <span class='ocrx_word' id='word_1_251' title='bbox 530 3655 587 3699; x_wconf 91' lang='lat' dir='ltr'>non</span> <span class='ocrx_word' id='word_1_252' title='bbox 606 3631 726 3697; x_wconf 89' lang='lat' dir='ltr'>dubium</span> <span class='ocrx_word' id='word_1_253' title='bbox 742 3639 801 3704; x_wconf 88' lang='lat' dir='ltr'>est,</span> <span class='ocrx_word' id='word_1_254' title='bbox 820 3636 850 3697; x_wconf 94' lang='lat' dir='ltr'>in</span> <span class='ocrx_word' id='word_1_255' title='bbox 867 3634 1092 3708; x_wconf 85' lang='lat' dir='ltr'>incrementum,</span> <span class='ocrx_word' id='word_1_256' title='bbox 1111 3640 1313 3699; x_wconf 88' lang='lat' dir='ltr'>ornamentum</span> <span class='ocrx_word' id='word_1_257' title='bbox 1330 3639 1361 3697; x_wconf 92' lang='lat' dir='ltr'>et</span> <span class='ocrx_word' id='word_1_258' title='bbox 1372 3633 1455 3698; x_wconf 85' lang='lat' dir='ltr'>salu·</span> 
     </span>
     <span class='ocr_line' id='line_1_30' title="bbox 265 3742 1453 3834; baseline -0.003 -21"><span class='ocrx_word' id='word_1_259' title='bbox 265 3752 335 3823; x_wconf 90' lang='lat' dir='ltr'>tem,</span> <span class='ocrx_word' id='word_1_260' title='bbox 353 3769 411 3813; x_wconf 92' lang='lat' dir='ltr'>non</span> <span class='ocrx_word' id='word_1_261' title='bbox 426 3746 646 3834; x_wconf 90' lang='lat' dir='ltr'>prouinciarum</span> <span class='ocrx_word' id='word_1_262' title='bbox 662 3746 756 3810; x_wconf 87' lang='lat' dir='ltr'>solum</span> <span class='ocrx_word' id='word_1_263' title='bbox 773 3747 911 3810; x_wconf 75' lang='lat' dir='ltr'>nustriae</span> <span class='ocrx_word' id='word_1_264' title='bbox 927 3751 957 3811; x_wconf 92' lang='lat' dir='ltr'>et</span> <span class='ocrx_word' id='word_1_265' title='bbox 972 3747 1153 3829; x_wconf 83' lang='lat' dir='ltr'>Regnorum,</span> <span class='ocrx_word' id='word_1_266' title='bbox 1171 3748 1244 3830; x_wconf 73' lang='lat'><em>(131.</em></span> <span class='ocrx_word' id='word_1_267' title='bbox 1260 3742 1379 3829; x_wconf 77' lang='lat'><strong><em>166⁸.)</em></strong></span> <span class='ocrx_word' id='word_1_268' title='bbox 1396 3767 1453 3831; x_wconf 91' lang='lat' dir='ltr'>que</span> 
     </span>
     <span class='ocr_line' id='line_1_31' title="bbox 264 3855 1453 3928; baseline -0.003 -4"><span class='ocrx_word' id='word_1_269' title='bbox 264 3865 333 3924; x_wconf 91' lang='lat' dir='ltr'>tuae</span> <span class='ocrx_word' id='word_1_270' title='bbox 350 3857 500 3922; x_wconf 87' lang='lat' dir='ltr'>Maiestati</span> <span class='ocrx_word' id='word_1_271' title='bbox 516 3855 660 3928; x_wconf 86' lang='lat' dir='ltr'>subsunt,</span> <span class='ocrx_word' id='word_1_272' title='bbox 683 3876 786 3922; x_wconf 86' lang='lat' dir='ltr'>rerum</span> <span class='ocrx_word' id='word_1_273' title='bbox 808 3857 896 3921; x_wconf 88' lang='lat' dir='ltr'>etiam</span> <span class='ocrx_word' id='word_1_274' title='bbox 914 3855 1132 3921; x_wconf 73' lang='lat' dir='ltr'>christianitati</span> <span class='ocrx_word' id='word_1_275' title='bbox 1149 3858 1308 3921; x_wconf 84' lang='lat' dir='ltr'>universae</span> <span class='ocrx_word' id='word_1_276' title='bbox 1324 3857 1453 3920; x_wconf 83' lang='lat' dir='ltr'>futurum</span> 
     </span>
     <span class='ocr_line' id='line_1_32' title="bbox 266 3963 1453 4049; baseline -0.003 -17"><span class='ocrx_word' id='word_1_277' title='bbox 266 3987 346 4032; x_wconf 88' lang='lat' dir='ltr'>esse.</span> <span class='ocrx_word' id='word_1_278' title='bbox 370 3965 442 4030; x_wconf 84' lang='lat' dir='ltr'>Eam</span> <span class='ocrx_word' id='word_1_279' title='bbox 465 3963 604 4038; x_wconf 89' lang='lat' dir='ltr'>obrem,</span> <span class='ocrx_word' id='word_1_280' title='bbox 629 3963 772 4049; x_wconf 87' lang='lat' dir='ltr'>Princeps</span> <span class='ocrx_word' id='word_1_281' title='bbox 796 3963 972 4029; x_wconf 85' lang='lat' dir='ltr'>felicissime</span> <span class='ocrx_word' id='word_1_282' title='bbox 995 3968 1026 4028; x_wconf 91' lang='lat' dir='ltr'>et</span> <span class='ocrx_word' id='word_1_283' title='bbox 1047 3967 1233 4048; x_wconf 88' lang='lat' dir='ltr'>magnanime</span> <span class='ocrx_word' id='word_1_284' title='bbox 1256 3965 1319 4030; x_wconf 85' lang='lat' dir='ltr'>Rex</span> <span class='ocrx_word' id='word_1_285' title='bbox 1334 3963 1453 4041; x_wconf 88' lang='lat' dir='ltr'>Carole,</span> 
     </span>
     <span class='ocr_line' id='line_1_33' title="bbox 267 4072 1454 4161; baseline -0.002 -19"><span class='ocrx_word' id='word_1_286' title='bbox 267 4096 325 4142; x_wconf 89' lang='lat' dir='ltr'>non</span> <span class='ocrx_word' id='word_1_287' title='bbox 341 4081 464 4149; x_wconf 86' lang='lat' dir='ltr'>temere,</span> <span class='ocrx_word' id='word_1_288' title='bbox 482 4078 513 4138; x_wconf 90' lang='lat' dir='ltr'>ut</span> <span class='ocrx_word' id='word_1_289' title='bbox 529 4078 599 4138; x_wconf 91' lang='lat' dir='ltr'>ante</span> <span class='ocrx_word' id='word_1_290' title='bbox 612 4094 730 4158; x_wconf 89' lang='lat' dir='ltr'>quoque</span> <span class='ocrx_word' id='word_1_291' title='bbox 742 4072 923 4148; x_wconf 87' lang='lat' dir='ltr'>indicabam,</span> <span class='ocrx_word' id='word_1_292' title='bbox 937 4075 1165 4158; x_wconf 88' lang='lat' dir='ltr'>prouincialium</span> <span class='ocrx_word' id='word_1_293' title='bbox 1177 4082 1294 4140; x_wconf 89' lang='lat' dir='ltr'>tuorum</span> <span class='ocrx_word' id='word_1_294' title='bbox 1304 4075 1334 4140; x_wconf 95' lang='lat' dir='ltr'>id</span> <span class='ocrx_word' id='word_1_295' title='bbox 1345 4096 1454 4161; x_wconf 90' lang='lat' dir='ltr'>supre-</span> 
     </span>
    </p>
   </div>
   <div class='ocr_carea' id='block_1_6' title="bbox 263 4182 1453 4819">
    <p class='ocr_par' dir='ltr' id='par_1_7' title="bbox 263 4182 1453 4819">
     <span class='ocr_line' id='line_1_34' title="bbox 264 4182 1453 4269; baseline -0.002 -19"><span class='ocrx_word' id='word_1_296' title='bbox 264 4206 343 4251; x_wconf 89' lang='lat' dir='ltr'>mum</span> <span class='ocrx_word' id='word_1_297' title='bbox 359 4184 544 4250; x_wconf 88' lang='lat' dir='ltr'>desiderium</span> <span class='ocrx_word' id='word_1_298' title='bbox 560 4188 617 4256; x_wconf 89' lang='lat' dir='ltr'>est,</span> <span class='ocrx_word' id='word_1_299' title='bbox 635 4187 667 4247; x_wconf 93' lang='lat' dir='ltr'>ut</span> <span class='ocrx_word' id='word_1_300' title='bbox 683 4189 842 4269; x_wconf 90' lang='lat' dir='ltr'>utrumque</span> <span class='ocrx_word' id='word_1_301' title='bbox 858 4182 979 4247; x_wconf 82' lang='lat' dir='ltr'>rideant</span> <span class='ocrx_word' id='word_1_302' title='bbox 990 4183 1169 4268; x_wconf 89' lang='lat' dir='ltr'>Principem,</span> <span class='ocrx_word' id='word_1_303' title='bbox 1183 4182 1322 4248; x_wconf 85' lang='lat' dir='ltr'>Carolum</span> <span class='ocrx_word' id='word_1_304' title='bbox 1333 4185 1453 4269; x_wconf 91' lang='lat' dir='ltr'>inquam</span> 
     </span>
     <span class='ocr_line' id='line_1_35' title="bbox 263 4292 1451 4379; baseline 0.002 -21"><span class='ocrx_word' id='word_1_305' title='bbox 263 4296 347 4361; x_wconf 91' lang='lat' dir='ltr'>illum</span> <span class='ocrx_word' id='word_1_306' title='bbox 370 4301 400 4360; x_wconf 92' lang='lat' dir='ltr'>et</span> <span class='ocrx_word' id='word_1_307' title='bbox 420 4292 652 4366; x_wconf 84' lang='lat' dir='ltr'>Perdinandum,</span> <span class='ocrx_word' id='word_1_308' title='bbox 675 4292 834 4377; x_wconf 89' lang='lat' dir='ltr'>Principes</span> <span class='ocrx_word' id='word_1_309' title='bbox 856 4313 943 4364; x_wconf 88' lang='lat' dir='ltr'>suos,</span> <span class='ocrx_word' id='word_1_310' title='bbox 971 4298 1019 4366; x_wconf 91' lang='lat' dir='ltr'>et,</span> <span class='ocrx_word' id='word_1_311' title='bbox 1047 4294 1073 4357; x_wconf 91' lang='lat' dir='ltr'>si</span> <span class='ocrx_word' id='word_1_312' title='bbox 1101 4314 1155 4379; x_wconf 88' lang='lat' dir='ltr'>pro</span> <span class='ocrx_word' id='word_1_313' title='bbox 1179 4295 1287 4359; x_wconf 82' lang='lat' dir='ltr'>affectu</span> <span class='ocrx_word' id='word_1_314' title='bbox 1309 4297 1451 4360; x_wconf 87' lang='lat' dir='ltr'>rationem</span> 
     </span>
     <span class='ocr_line' id='line_1_36' title="bbox 265 4403 1452 4489; baseline -0.003 -19"><span class='ocrx_word' id='word_1_315' title='bbox 265 4406 369 4470; x_wconf 86' lang='lat' dir='ltr'>dicere</span> <span class='ocrx_word' id='word_1_316' title='bbox 391 4406 497 4478; x_wconf 89' lang='lat' dir='ltr'>liceat,</span> <span class='ocrx_word' id='word_1_317' title='bbox 520 4403 694 4476; x_wconf 85' lang='lat' dir='ltr'>suissirnos,</span> <span class='ocrx_word' id='word_1_318' title='bbox 720 4423 793 4488; x_wconf 88' lang='lat' dir='ltr'>quos</span> <span class='ocrx_word' id='word_1_319' title='bbox 816 4423 961 4489; x_wconf 88' lang='lat' dir='ltr'>nusquam</span> <span class='ocrx_word' id='word_1_320' title='bbox 986 4405 1120 4485; x_wconf 90' lang='lat' dir='ltr'>gentium</span> <span class='ocrx_word' id='word_1_321' title='bbox 1137 4424 1207 4469; x_wconf 88' lang='lat' dir='ltr'>esse</span> <span class='ocrx_word' id='word_1_322' title='bbox 1222 4403 1341 4478; x_wconf 90' lang='lat' dir='ltr'>malint,</span> <span class='ocrx_word' id='word_1_323' title='bbox 1364 4424 1452 4488; x_wconf 90' lang='lat' dir='ltr'>quarn</span> 
     </span>
     <span class='ocr_line' id='line_1_37' title="bbox 265 4512 1451 4602; baseline -0.001 -22"><span class='ocrx_word' id='word_1_324' title='bbox 265 4515 343 4602; x_wconf 88' lang='lat' dir='ltr'>apud</span> <span class='ocrx_word' id='word_1_325' title='bbox 358 4537 404 4588; x_wconf 89' lang='lat' dir='ltr'>se,</span> <span class='ocrx_word' id='word_1_326' title='bbox 413 4521 458 4588; x_wconf 90' lang='lat' dir='ltr'>ut,</span> <span class='ocrx_word' id='word_1_327' title='bbox 474 4518 582 4599; x_wconf 89' lang='lat' dir='ltr'>quanta</span> <span class='ocrx_word' id='word_1_328' title='bbox 595 4512 723 4578; x_wconf 90' lang='lat' dir='ltr'>omnium</span> <span class='ocrx_word' id='word_1_329' title='bbox 736 4514 914 4599; x_wconf 82' lang='lat' dir='ltr'>expectatio,</span> <span class='ocrx_word' id='word_1_330' title='bbox 927 4513 1004 4597; x_wconf 89' lang='lat' dir='ltr'>quod</span> <span class='ocrx_word' id='word_1_331' title='bbox 1019 4512 1159 4587; x_wconf 83' lang='lat' dir='ltr'>officium,</span> <span class='ocrx_word' id='word_1_332' title='bbox 1172 4532 1249 4598; x_wconf 90' lang='lat' dir='ltr'>quae</span> <span class='ocrx_word' id='word_1_333' title='bbox 1262 4512 1451 4579; x_wconf 86' lang='lat' dir='ltr'>obseruantia</span> 
     </span>
     <span class='ocr_line' id='line_1_38' title="bbox 263 4621 1451 4707; baseline 0.001 -19"><span class='ocrx_word' id='word_1_334' title='bbox 263 4625 362 4700; x_wconf 85' lang='lat' dir='ltr'>toret,</span> <span class='ocrx_word' id='word_1_335' title='bbox 386 4644 485 4689; x_wconf 87' lang='lat' dir='ltr'>eoram</span> <span class='ocrx_word' id='word_1_336' title='bbox 506 4624 597 4688; x_wconf 91' lang='lat' dir='ltr'>liceat</span> <span class='ocrx_word' id='word_1_337' title='bbox 619 4621 767 4707; x_wconf 85' lang='lat' dir='ltr'>experiri;</span> <span class='ocrx_word' id='word_1_338' title='bbox 785 4627 857 4695; x_wconf 84' lang='lat' dir='ltr'>aut,</span> <span class='ocrx_word' id='word_1_339' title='bbox 879 4623 905 4688; x_wconf 91' lang='lat' dir='ltr'>si</span> <span class='ocrx_word' id='word_1_340' title='bbox 927 4643 963 4687; x_wconf 89' lang='lat' dir='ltr'>ea</span> <span class='ocrx_word' id='word_1_341' title='bbox 983 4622 1062 4706; x_wconf 87' lang='lat' dir='ltr'>ipsis</span> <span class='ocrx_word' id='word_1_342' title='bbox 1083 4621 1236 4687; x_wconf 90' lang='lat' dir='ltr'>beatitudo</span> <span class='ocrx_word' id='word_1_343' title='bbox 1252 4643 1289 4687; x_wconf 86' lang='lat' dir='ltr'>ex</span> <span class='ocrx_word' id='word_1_344' title='bbox 1305 4625 1451 4689; x_wconf 87' lang='lat' dir='ltr'>sententia</span> 
     </span>
     <span class='ocr_line' id='line_1_39' title="bbox 264 4731 1450 4819; baseline -0.003 -17"><span class='ocrx_word' id='word_1_345' title='bbox 264 4734 440 4817; x_wconf 90' lang='lat' dir='ltr'>contingere</span> <span class='ocrx_word' id='word_1_346' title='bbox 463 4754 521 4797; x_wconf 94' lang='lat' dir='ltr'>non</span> <span class='ocrx_word' id='word_1_347' title='bbox 546 4736 663 4819; x_wconf 90' lang='lat' dir='ltr'>potest,</span> <span class='ocrx_word' id='word_1_348' title='bbox 686 4733 792 4797; x_wconf 90' lang='lat' dir='ltr'>saltem</span> <span class='ocrx_word' id='word_1_349' title='bbox 816 4731 944 4797; x_wconf 90' lang='lat' dir='ltr'>alterum</span> <span class='ocrx_word' id='word_1_350' title='bbox 967 4733 1109 4817; x_wconf 80' lang='lat' dir='ltr'>excipere</span> <span class='ocrx_word' id='word_1_351' title='bbox 1132 4739 1164 4796; x_wconf 91' lang='lat' dir='ltr'>et</span> <span class='ocrx_word' id='word_1_352' title='bbox 1185 4751 1286 4797; x_wconf 89' lang='lat' dir='ltr'>coram</span> <span class='ocrx_word' id='word_1_353' title='bbox 1310 4735 1450 4799; x_wconf 76' lang='lat' dir='ltr'>venerari</span> 
     </span>
    </p>
   </div>
   <div class='ocr_carea' id='block_1_7' title="bbox 0 0 1654 5342">
    <p class='ocr_par' dir='ltr' id='par_1_8' title="bbox 0 0 1654 5342">
     <span class='ocr_line' id='line_1_40' title="bbox 0 0 1654 5342; baseline 0 3"><span class='ocrx_word' id='word_1_354' title='bbox 0 0 1654 5342; x_wconf 95' lang='lat' dir='ltr'> </span> 
     </span>
    </p>
   </div>
  </div>
 </body>
</html>
