3300 5342
734 537 812 592 reat.
1310 498 1360 575 27

179 683 376 772 apostolorum
391 705 533 757 meorum,
548 704 636 751 vnum
651 685 794 751 florenum
809 685 1022 769 angariantem,
1033 683 1108 748 dnos
1120 680 1274 759 remenses,
1286 678 1362 743 duaa

181 795 274 861 librar
290 794 488 861 denariorum.
535 794 608 858 item
630 795 747 861 caseum
762 814 852 861 vnum
868 792 1078 879 gemmicalem
1105 790 1157 879 (i)
1184 811 1220 857 er
1248 788 1360 876 capric.

178 906 252 971 item
268 908 396 989 quatuor
410 903 505 970 librae
528 904 735 980 denariorum,
761 906 781 969 9
803 905 946 971 denarios
961 903 1052 988 usquo
1067 903 1195 967 martini.
1241 898 1317 964 item
1331 900 1362 963 in
1382 912 1419 959 rr.
1436 923 1490 957 nav.

179 1019 285 1103 quarta
301 1015 378 1079 seria
393 1014 459 1099 post
470 1015 598 1080 omnium
610 1013 777 1079 sanctorm
788 1014 918 1086 thobiae,
931 1015 1103 1100 capitaneus
1115 1013 1212 1098 regie,
1224 1028 1365 1093 magnum
1397 1022 1420 1069 o.
1437 1034 1491 1066 nov·

179 1123 316 1188 damnum
341 1123 415 1187 fecit
441 1125 471 1187 in
497 1122 748 1198 vindemiatores,
776 1124 1003 1191 bombardariou
1026 1127 1147 1187 nostros
1174 1118 1365 1206 captiuando,

178 1232 326 1298 ecelesias
342 1234 373 1295 in
387 1231 600 1316 Aterbobring,
616 1233 766 1299 ecclesias
782 1235 851 1300 dico
867 1234 961 1299 [ancti
977 1232 1107 1318 lanperti
1123 1235 1154 1296 et
1168 1230 1261 1296 sancti
1277 1229 1366 1297 Wol-

178 1343 273 1425 fangi,
289 1342 503 1408 sacramentum
518 1343 678 1414 eiiciendo,
694 1344 907 1411 comburendo.
931 1343 1044 1426 Fugam
1060 1342 1138 1407 enim
1153 1339 1244 1405 nostri
1259 1341 1365 1407 ad'eue

178 1451 305 1526 dedere,
320 1457 352 1517 et
368 1469 436 1517 cum
450 1452 536 1535 prior
550 1451 683 1527 arderet,
698 1473 806 1539 aquam
822 1475 859 1519 ex
874 1451 1068 1539 baptisterio,
1084 1472 1121 1516 ex
1135 1453 1211 1525 ruia,
1227 1470 1264 1515 er
1279 1452 1365 1519 urina

178 1560 371 1644 colligentes,
383 1560 489 1644 jgnem
505 1562 701 1628 extinxerunt.
730 1563 804 1628 item
821 1565 934 1628 curiam
950 1563 1046 1648 ipsius
1062 1562 1271 1643 marottinger,
1288 1560 1365 1626 cinis

178 1671 366 1744 Viennensis,
382 1671 479 1736 eciam
494 1670 558 1752 igni
571 1669 729 1738 dederunt.
753 1672 821 1737 Poit
833 1693 921 1760 quem
931 1672 1011 1737 diem
1022 1676 1085 1736 tota
1096 1670 1246 1737 vindemia
1259 1670 1366 1735 cassata

178 1780 435 1855 eitetociiamuc.
448 1779 552 1845 Nunc
568 1781 610 1846 25
623 1781 897 1866 ungarioaleo,
912 1783 955 1848 22
971 1779 1172 1854 renensee,
1190 1779 1365 1846 bsslibrac

179 1888 1366 1976 denariorum,20denariouabillosignoa(febdt).Summaindo·

177 1997 1366 2083 minoungaricaleadbdioneuiea73,librasdenariorum178,

177 2109 252 2174 nisi
267 2110 388 2196 omnia
404 2109 440 2173 in
456 2110 710 2194 pecunianon
726 2107 1366 2185 ichneumonetootalenuuoulema,

175 2217 294 2283 nneoo
303 2217 446 2282 denariis.
469 2217 641 2305 Itemusque
650 2219 688 2284 ad
697 2219 984 2285 bduentumdomini
994 2217 1157 2283 trealibrao
1165 2218 1366 2291 denariorum,

176 2346 268 2393 vnum
284 2328 430 2392 florenum
445 2329 658 2412 ungaricalem,
675 2331 717 2395 ab
734 2331 876 2397 denarios
892 2334 924 2394 et
935 2329 1070 2415 rephain.
1109 2327 1181 2392 item
1193 2329 1243 2393 dio
1253 2327 1368 2392 Katbe-
1384 2339 1423 2386 2⁵.
1440 2353 1493 2385 nov.

176 2441 247 2503 rine
262 2438 345 2504 venit
362 2458 415 2502 rex
431 2437 564 2521 Vngurie
578 2440 608 2503 in
624 2442 745 2525 propria
762 2439 886 2526 persona
903 2439 940 2504 ad
950 2440 1122 2504 'exercitum
1132 2442 1201 2501 ante
1216 2436 1368 2503 neunbur·

176 2566 249 2630 μω
269 2547 435 2620 forensem,
457 2551 488 2611 et
506 2547 582 2612 sexu
604 2549 696 2622 fena,
719 2532 778 2633 qm
798 2549 855 2614 fot
877 2549 943 2614 otei
958 2548 1130 2613 numeniaco
1145 2546 1366 2632 sequensuum
1384 2559 1423 2605 a.
1439 2572 1492 2605 nov.

176 2657 361 2729 Katberine,
380 2657 447 2740 jpie
469 2677 525 2741 per
548 2655 708 2722 danubium
731 2659 920 2741 congelatum
936 2662 992 2725 init
1005 2658 1043 2723 ad
1059 2655 1265 2738 neunburgam
1281 2654 1367 2721 clau-

178 2766 313 2832 stralem.
337 2767 376 2831 Et
390 2766 441 2831 dio
457 2765 625 2841 dominico,
647 2768 679 2832 in
700 2767 831 2834 aduentu
854 2768 963 2834 domiui
986 2767 1135 2833 dominica
1156 2766 1267 2850 prima,
1290 2766 1368 2831 milit
1383 2778 1424 2825 aa.
1441 2791 1495 2824 nov.

127 2904 131 2915 ,
178 2874 323 2950 thobiam,
340 2879 371 2941 vt
387 2877 572 2961 capitaneum
589 2878 809 2962 puerchardum
825 2878 1040 2960 obienborger,
1059 2875 1182 2941 militem
1201 2877 1232 2941 in
1244 2877 1368 2942 ciuitate

177 2985 338 3070 neuburgo
350 2985 486 3058 fouentis,
499 2986 607 3051 seriose
622 2983 835 3073 alloqueretur,
846 2992 880 3053 ut
891 2988 921 3053 ie
932 2990 962 3052 in
973 2986 1163 3052 dedicionem
1173 2990 1257 3068 regie
1269 2985 1366 3059 daret,

177 3094 228 3161 uel
243 3116 297 3160 rex
311 3093 405 3159 uellet
419 3114 536 3161 omnem
551 3096 612 3161 rim
627 3096 689 3162 fine
704 3095 908 3162 misericordia
926 3097 996 3184 ipiis
1011 3088 1198 3181 impendere,
1214 3093 1276 3159 ime
1287 3095 1367 3159 omni

179 3205 283 3288 gracia
310 3204 419 3268 sutura.
477 3203 572 3268 item
596 3205 776 3292 sequenti
799 3207 881 3291 post
909 3206 1059 3272 Andree
1083 3209 1365 3290 compactatnm
1400 3220 1422 3267 1.
1439 3220 1490 3266 oce.

180 3313 239 3377 eit
266 3315 373 3378 inter
395 3310 683 3398 bobienberger
706 3322 745 3379 et
765 3336 898 3400 regem
922 3317 1086 3400 ungarie
1118 3315 1161 3379 de
1194 3313 1229 3402 (o
1254 3333 1366 3378 aerea

179 3421 346 3496 milites,
370 3426 487 3487 etnoc
509 3423 670 3491 miseros
694 3425 926 3513 australeot)
952 3425 1157 3491 deditione
1181 3422 1366 3489 ciuitatis

178 3531 417 3614 neunburge
435 3532 618 3613 forensia.
643 3535 687 3597 Et
710 3535 747 3598 in
769 3534 946 3620 profesto
971 3534 1133 3599 barbare
1156 3553 1224 3598 rex
1247 3535 1366 3598 intra·
1400 3549 1423 3595 a.
1441 3549 1491 3594 nee.

178 3641 235 3706 uit
268 3641 490 3727 predictam
522 3643 736 3709 ciuitatem.
783 3643 854 3708 Die
877 3664 969 3708 voro
992 3642 1160 3709 barbare
1193 3641 1366 3709 uidimus
1399 3658 1491 3705 naue.

178 3751 394 3815 exercitum
417 3751 523 3833 regia
546 3756 762 3818 venientem
784 3753 820 3817 in
836 3752 1167 3817 bardeamnoitre
1183 3753 1366 3817 ciuitatis

178 3880 250 3944 per
273 3859 480 3925 danubium
506 3861 769 3945 congelatum,
793 3863 886 3927 hora
911 3860 1210 3934 nonademane‚
1228 3863 1367 3925 etante

176 3969 338 4053 primam
373 3968 545 4049 eiusdem
578 3970 660 4035 diei
690 3969 982 4056 postmeridiem
1015 3971 1228 4057 pudendam
1263 3967 1367 4033 dedi-

178 4078 327 4143 cionem
351 4079 388 4143 in
413 4077 558 4145 duobus
582 4079 801 4163 fortalieija
824 4082 924 4145 eitra
948 4078 1161 4154 danubium,
1188 4099 1292 4144 vnum
1323 4078 1367 4142 ad

177 4190 335 4271 pontem
358 4187 539 4277 medium,
563 4189 730 4254 alterum
754 4208 828 4273 pey
850 4187 1203 4274 demnernprucb,
1227 4187 1367 4254 honest

180 4296 331 4360 alueum
356 4297 501 4362 iactum
522 4318 593 4382 per
611 4298 849 4363 rienneniee
865 4297 1149 4382 etcompletnm
1165 4298 1231 4362 die
1247 4296 1366 4362 marei

180 4405 284 4479 1483,
309 4406 498 4472 iecerunt
533 4406 790 4473 Fortaiieium
812 4427 903 4471 roro
930 4408 1088 4472 tertium
1118 4408 1228 4472 trans
1248 4407 1365 4471 danu-

177 4513 278 4581 bium
310 4515 432 4579 adhuc
461 4515 659 4601 iueyncer
688 4518 924 4602 capitaneus
954 4519 1083 4588 tenet,
1115 4516 1212 4602 quod
1242 4520 1365 4579 tamen

176 4624 349 4698 inimici,
372 4624 459 4710 post
481 4624 679 4711 vesperam
702 4627 742 4691 in
764 4626 827 4690 die
851 4625 1035 4699 barbaro,
1059 4625 1219 4690 fortiter
1240 4623 1365 4689 inbel-

178 4733 372 4808 lauerunt,
396 4734 458 4800 sed
482 4735 632 4800 frustra.
671 4735 714 4799 nt
736 4736 868 4800 multis
899 4736 1150 4809 interiectis,
1181 4755 1223 4799 ea
1253 4739 1364 4800 nocte
