3300 5342
732 464 930 525 tttl-lttm

641 688 812 765 lloxllll.
842 718 1000 735 -·-·-

746 906 903 979 thXXV.

321 1034 417 1118 Totm
430 1072 524 1119 mnus
535 1048 715 1126 horrendus,
732 1047 878 1123 crudelis,
896 1068 986 1117 semis
998 1066 1035 1117 ac
1046 1047 1232 1117 muculentos
1245 1067 1282 1115 ex
1294 1047 1419 1113 tumultu

231 1162 428 1233 rusticorum.
444 1160 495 1244 qui
511 1160 590 1232 cesi,
612 1157 759 1224 combusti
776 1161 807 1221 et
822 1159 933 1221 misere
948 1156 1091 1221 trucidati
1108 1162 1185 1220 sunt.
1212 1153 1358 1221 Fulminis
1375 1156 1418 1221 ira

230 1270 330 1334 vineta
352 1267 506 1335 destruxit
528 1266 703 1335 lucentium
719 1265 823 1335 vrbem
840 1264 984 1335 Viennam
1004 1263 1208 1350 depopulauit.
1232 1262 1372 1333 Charitas
1388 1267 1420 1326 et

232 1378 360 1441 omnium
376 1395 477 1439 rerum
491 1376 626 1461 penuria.
651 1373 743 1438 Pauci
766 1374 824 1438 riri
846 1371 919 1437 boni
934 1374 1096 1437 euaserunt
1119 1369 1199 1435 hunc
1222 1388 1344 1442 annum,
1368 1371 1421 1455 qui

230 1506 287 1550 non
315 1486 376 1549 siut
400 1484 459 1548 lesi
484 1485 515 1548 in
543 1484 636 1559 fama,
668 1482 716 1547 vel
741 1482 873 1556 honore,
906 1481 954 1545 vel
985 1499 1114 1564 corpore
1143 1484 1174 1544 et
1204 1477 1418 1565 temporalibus

229 1594 325 1659 honis.
349 1592 414 1676 Ego
430 1610 536 1661 omues
550 1590 810 1661 incommutatus
827 1591 989 1664 bonorum,
1012 1588 1159 1655 metiore
1176 1589 1290 1666 cruris,
1313 1589 1418 1659 incen-

231 1702 298 1775 dio,
321 1699 463 1773 fulmine,
485 1700 571 1765 falsis
593 1699 748 1765 calumniis
767 1718 833 1762 sum
855 1703 967 1763 misere
983 1700 1041 1763 hoc
1057 1717 1134 1761 anno
1151 1702 1306 1782 exceptus.
1334 1697 1417 1767 Deus

229 1812 270 1875 sit
284 1810 463 1875 benedictus
480 1812 512 1872 et
526 1809 666 1874 refundat
681 1827 735 1873 sua
752 1807 927 1882 clementia.
948 1813 978 1872 rt
994 1824 1176 1888 cognoscam
1189 1824 1292 1870 rerum
1310 1806 1416 1870 Deum.

320 1918 372 1983 12.
396 1917 542 1982 ianuarii.
572 1916 616 1981 lui
639 1916 670 1978 in
693 1915 854 1999 legacione
877 1935 945 1980 cum
969 1914 1078 1996 blagno
1107 1913 1252 1997 Magistro
1280 1914 1416 1992 Prussie,

230 2025 404 2091 blarchione
441 2025 566 2090 hlberto
603 2023 882 2109 brandeburgensi.
922 2024 1042 2089 nomine
1077 2023 1258 2088 Archiducis
1298 2024 1418 2089 Austris

230 2132 421 2200 llerdinandi.

318 2243 371 2307 25.
388 2240 533 2306 Jannarii.
557 2239 674 2306 Mortem
696 2244 744 2304 est
768 2260 840 2305 vxor
860 2243 962 2324 Agnes
983 2241 1015 2305 in
1030 2239 1114 2306 Noua
1137 2241 1277 2314 ciuitate,
1304 2246 1335 2306 et
1356 2241 1415 2305 huc

228 2352 328 2416 delata
344 2349 504 2421 Viennam
526 2369 574 2413 me
595 2351 744 2414 existente
760 2347 863 2421 Bnde,
886 2348 936 2412 xl
953 2370 1045 2423 anno,
1065 2370 1124 2435 quo
1141 2347 1191 2413 die
1205 2349 1332 2433 primum
1347 2351 1416 2416 rina

228 2468 276 2524 est
292 2462 429 2543 ingressa
446 2456 564 2522 domurn
581 2477 685 2521 meam.
710 2457 896 2542 Requiescat
912 2458 942 2520 in
958 2478 1044 2541 pace.

342 2568 372 2632 3.
389 2566 558 2632 Februarii.
582 2567 737 2632 Reuersus
753 2585 790 2628 ex
804 2564 887 2629 Buds
904 2564 1032 2631 domum.

319 2675 370 2741 18.
404 2673 486 2738 lolii.
543 2673 673 2739 Ciroiter
719 2673 925 2739 duodecimam
958 2675 1061 2739 horam
1100 2675 1197 2739 noctis
1235 2680 1333 2739 ortum
1371 2682 1418 2740 est

231 2784 346 2849 Vienne
371 2781 543 2848 incendium
571 2784 602 2846 in
629 2783 716 2847 domo
744 2781 892 2847 Artalarie
917 2782 1084 2867 Principis,
1113 2802 1171 2867 que
1194 2783 1285 2866 vulgo
1309 2782 1418 2848 dicitur

229 2892 333 2957 domus
361 2890 453 2964 cilis,
489 2896 521 2955 et
550 2889 646 2955 tribus
678 2891 746 2954 sere
778 2890 860 2954 horis
892 2891 972 2973 iguis
1009 2889 1177 2955 horrendus
1213 2891 1417 2958 debacchatus

229 3002 332 3067 vrbem
367 3018 447 3083 pene
478 2997 606 3063 mediam
636 2998 828 3083 peragrarit,
868 3002 900 3062 et
933 2998 1087 3084 absorpsit
1122 2999 1355 3084 quradriogentas
1388 3007 1418 3066 ct

227 3107 361 3174 sedecim
382 3106 486 3172 domos
513 3105 731 3181 nohihssimss‚
759 3105 902 3191 templum
917 3107 988 3171 Diui
1007 3106 1180 3181 Michaelis,
1204 3107 1418 3175 hlonasterium

227 3215 414 3289 hiemalium,
454 3215 533 3300 quod
563 3213 674 3280 dicitur
705 3213 770 3280 Celi
801 3219 904 3299 porta,
944 3212 1108 3279 Cenobium
1140 3214 1310 3281 hlomialium
1339 3218 1377 3283 ad
1388 3218 1416 3305 ¹)

226 3324 259 3389 S.
276 3325 440 3398 Jacobum,
462 3330 494 3387 et
514 3323 676 3389 claustrum
688 3320 718 3408 ²)
743 3323 960 3407 poenitentium
984 3323 1130 3387 Sororum
1151 3323 1232 3407 apud
1253 3325 1286 3389 S.
1310 3325 1417 3391 Hiero-

224 3453 359 3519 omum,
395 3454 453 3497 nou
484 3432 551 3496 sine
582 3430 733 3496 horrenda
763 3434 849 3496 ruina
881 3437 911 3496 et
942 3432 1129 3497 euastatione
1160 3431 1251 3497 vrbis.
1291 3434 1325 3498 ln
1356 3435 1414 3501 hoc

224 3540 363 3607 incendio
391 3540 497 3606 domus
523 3559 643 3627 quoque
673 3560 738 3605 mea
764 3539 929 3605 crudeliter
958 3541 1041 3605 arsit.
1082 3539 1144 3604 Sex
1169 3544 1267 3615 tecta,
1302 3542 1415 3626 tegulis

225 3655 368 3733 cooperta
406 3654 438 3713 et
476 3667 564 3713 vuum
609 3648 760 3714 scandulis
804 3649 943 3732 poenitus
983 3668 1051 3713 cum
1089 3667 1195 3712 nouem
1234 3651 1415 3735 pauimentis

224 3757 423 3822 ornatissimis
461 3762 493 3823 et
531 3777 589 3822 uon
627 3777 720 3841 parua
759 3756 943 3843 supellectili
978 3760 1172 3829 corruerunt,
1213 3762 1245 3822 et
1275 3760 1416 3844 quicquid

225 3864 505 3951 apprehenderunt,
546 3863 765 3931 absumserunt.
814 3865 959 3930 Horreum
990 3870 1130 3949 preterea
1162 3885 1229 3931 curn
1264 3865 1351 3932 domo
1385 3869 1416 3932 in

224 3973 368 4038 suburbio
408 3973 561 4058 oppletum
598 3974 756 4039 frumentis
790 3978 821 4036 et
851 3973 968 4039 decima
1003 3993 1070 4038 mes
1101 3993 1168 4037 cum
1199 3974 1243 4040 80
1274 3979 1354 4043 uasis
1386 3984 1417 4042 et

224 4081 290 4146 aliis
323 4082 507 4146 necessariis
542 4083 642 4166 periit.
685 4079 738 4146 Sic
772 4101 829 4147 vno
861 4081 912 4146 die
938 4082 1007 4164 plus
1038 4101 1125 4167 quam
1156 4082 1187 4146 iu
1216 4102 1270 4147 ser
1296 4084 1415 4150 milibus

222 4189 367 4253 iacturam
397 4209 506 4272 passus
533 4210 608 4256 sum.
649 4191 731 4256 Deus
762 4189 911 4256 retribuat
938 4196 968 4255 et
996 4190 1137 4275 suppleat
1168 4190 1329 4256 miseriam.
1366 4192 1417 4258 Sit

223 4296 411 4369 benedictus.

228 4471 448 4479 ..—..-..-›--..-..
458 4471 548 4479 ..α-..-

261 4563 289 4637 ¹)
313 4562 405 4637 ‘quod'
419 4564 462 4620 die
477 4565 655 4621 llaudschritt

260 4653 290 4727 ²)
312 4653 444 4711 ‘claustri‘
457 4655 500 4711 die
513 4655 693 4711 llandschritt.
