3300 5342
729 507 808 563 reas.
1279 478 1355 551 215

177 664 207 723 et
223 677 318 742 usque
334 656 371 722 ad
387 657 482 741 ipsius
493 657 659 722 Maiestatis
672 655 831 721 aduentum
844 657 1148 742 suspendendrunseu
1161 657 1356 723 differendum

176 767 327 840 decreuit,
350 771 421 830 tunc
435 767 568 838 tactura,
593 765 671 851 quod
694 765 772 832 bono
787 767 939 851 Regimini
961 775 992 832 et
1007 769 1215 854 tranquillitati
1227 770 1357 854 ipsarum
1460 829 1462 833 ,

176 877 393 962 prouinciarum
410 878 572 942 conuenire
587 875 746 941 videbitur.
786 958 789 966 .

265 987 380 1061 Tertio,
397 1005 463 1051 cum
480 1007 534 1051 sua
549 986 702 1059 Maiestas,
718 988 844 1072 eiusque
860 989 1070 1053 serenissimus
1086 988 1178 1052 irater
1194 988 1360 1053 Ferdinan·

176 1096 243 1169 dus,
259 1096 326 1160 aliis
342 1094 566 1177 urgentioribus
583 1097 710 1180 negotiis
723 1097 901 1182 praepediti,
915 1118 972 1161 non
984 1098 1135 1181 potuerint
1146 1117 1359 1183 usquequaque

176 1184 344 1270 huiusmodi
360 1203 531 1289 prouincias
549 1225 618 1269 suas
634 1206 772 1271 nuauiae
788 1208 929 1280 visitare,
946 1227 1003 1272 uec
1020 1205 1116 1271 adhuc
1133 1206 1276 1270 Maiestas
1293 1208 1358 1292 ipsa

175 1318 235 1377 tam
252 1313 321 1379 cito.
335 1311 373 1376 ad
394 1315 475 1398 ipsas
499 1313 671 1397 prouincias
694 1313 849 1398 proticisci
871 1316 984 1391 valeat,
1009 1336 1065 1380 nec
1094 1336 1130 1380 eo
1153 1335 1211 1398 quo
1235 1317 1360 1399 cuperet

176 1402 285 1487 affectu
302 1424 435 1507 ipsarum
450 1422 672 1506 prouinciarum
687 1424 838 1505 Regimini
854 1426 929 1508 (131.
949 1420 1070 1508 170⁶.)
1086 1422 1254 1495 intendere,
1270 1424 1358 1486 mini-

174 1552 282 1617 meque
299 1528 447 1604 uideatur,
464 1532 632 1615 homagium
648 1554 683 1599 ac
700 1535 897 1599 iuramentum
913 1534 1083 1607 fidelitatis,
1101 1554 1118 1598 a
1134 1533 1262 1599 subditis
1278 1533 1359 1597 omni

174 1642 240 1708 inre
255 1642 488 1727 praestandum,
517 1643 628 1707 diutius
644 1641 760 1707 differri
776 1642 911 1717 debere,
939 1643 1007 1708 data
1024 1648 1071 1709 est
1093 1648 1246 1728 potestas,
1273 1648 1359 1727 parte

175 1771 248 1817 suae
265 1751 433 1817 Maiestatis
449 1757 480 1818 et
495 1753 680 1818 serenissimi
694 1753 813 1827 fratris,
835 1752 984 1819 nonnullis
1008 1753 1197 1836 Principibus
1222 1773 1258 1817 ae
1279 1773 1360 1817 sum·

175 1881 240 1926 mae
257 1860 446 1927 authoritatis
463 1862 543 1935 siris,
561 1864 622 1947 qui,
638 1861 764 1927 durante
780 1883 852 1927 snae
869 1862 1035 1927 Maiestatis
1051 1862 1196 1933 absentia,
1214 1882 1309 1948 usque
1321 1861 1359 1927 ad

173 1972 274 2056 ipsum
289 1970 447 2035 aduentum
463 1982 632 2055 supremum
644 1969 799 2036 obtineant
809 1971 987 2054 gubernium
1000 1972 1128 2036 omnium
1139 1973 1360 2056 prouinciarum

174 2101 306 2155 suarum,
322 2080 359 2145 ah
376 2080 571 2165 omnibusque
587 2081 717 2146 subditis
734 2080 813 2146 dicto
836 2085 955 2146 nomine
970 2082 1140 2164 homagium
1155 2102 1190 2145 ac
1207 2080 1359 2145 fidelitatis

172 2192 373 2255 iuramentum
400 2189 519 2273 erigant
543 2195 574 2254 et
597 2193 759 2277 recipiant,
784 2199 816 2257 et
831 2191 963 2276 ipsarum
979 2192 1204 2258 Prouinciarum
1221 2191 1312 2275 quieti
1329 2195 1360 2255 et

174 2299 344 2373 securitati,
368 2319 403 2362 ac
418 2297 496 2364 bono
511 2299 650 2383 regimini
665 2304 811 2386 oportune
827 2301 984 2367 consulant
1000 2307 1030 2367 et
1045 2301 1238 2387 prouideant,
1264 2321 1359 2387 usque

175 2408 211 2473 ad
227 2407 414 2474 iamdictam
431 2428 505 2474 suae
521 2408 690 2483 Maiestatis
706 2410 882 2484 aduentum,
904 2412 971 2495 qui,
993 2410 1139 2476 altissimo
1164 2412 1304 2484 iouente,
1328 2411 1359 2475 in

175 2539 247 2584 aere
265 2519 399 2603 proxime
414 2520 531 2584 iuturus
547 2524 603 2584 est.

268 2628 378 2709 Quarto
407 2628 550 2693 Maiestas
576 2648 629 2693 sna
658 2622 773 2693 eisdem
801 2628 971 2695 oratoribus
998 2630 1075 2714 (Bt.
1095 2631 1217 2713 171⁶)
1243 2635 1360 2712 gratam

175 2729 335 2805 licentiam
351 2737 389 2802 ad
411 2739 538 2821 patriam
560 2737 705 2803 redeundi
730 2737 954 2804 concedendam
978 2738 1113 2810 censuit,
1143 2744 1173 2802 ut
1196 2758 1263 2802 cum
1286 2759 1359 2804 suae

175 2848 344 2913 Maiestatis
367 2845 464 2928 gratia
488 2855 519 2910 et
539 2845 742 2928 benignitate,
766 2847 970 2932 unusquisque
992 2848 1125 2931 ipsorum
1141 2846 1171 2910 in
1191 2867 1273 2911 suam
1288 2868 1360 2931 pro-

174 2956 313 3030 uinciam,
332 2955 431 3021 valeat
445 2975 594 3030 remeare,
611 2957 773 3022 referendo
789 2957 878 3030 his‚a
894 2956 1002 3041 quibus
1018 2957 1102 3021 missi
1118 2963 1204 3029 snut,
1227 2958 1360 3023 eiusdem

172 3067 340 3133 Maiestatis
356 3071 485 3131 mentem
501 3072 532 3130 et
547 3068 751 3151 propositum,
774 3068 814 3131 ita
842 3086 876 3133 se
895 3066 978 3151 ipsos
994 3086 1030 3130 ac
1047 3065 1122 3131 alios
1138 3085 1242 3130 omnes
1259 3065 1361 3151 dispo-

173 3174 285 3247 nendo,
308 3178 341 3239 ut
356 3173 524 3239 huiusmodi
540 3195 681 3259 supremo
697 3174 861 3258 gubernio,
878 3195 933 3259 per
948 3194 1033 3239 suam
1048 3175 1235 3239 Maiestatem
1253 3181 1284 3240 et
1299 3176 1361 3240 lra-

171 3290 249 3349 trem
266 3283 405 3348 ordinato
421 3303 458 3347 ac
473 3283 625 3357 instituto,
650 3282 803 3350 fidelitatis
827 3285 1026 3349 iuramentum
1042 3286 1127 3350 simul
1143 3289 1175 3348 et
1189 3283 1360 3366 homagium

174 3393 262 3458 solito
285 3397 368 3457 more
389 3397 560 3476 praestent,
587 3413 622 3457 ac
644 3392 741 3459 eidem
761 3393 910 3477 gubernio
932 3393 1087 3479 usquead
1111 3392 1271 3458 aduentum
1287 3414 1359 3458 snae

175 3502 343 3566 Maiestatis
359 3504 485 3586 pareant
500 3508 530 3566 et
546 3501 704 3575 obediant,
727 3508 757 3566 et
777 3502 919 3587 quicquid
932 3516 996 3588 ‘per
1020 3522 1073 3567 eos
1089 3502 1241 3567 decretum
1257 3501 1359 3575 tuerit,

174 3611 346 3676 huiusmodi
361 3610 493 3691 absentia
511 3610 637 3676 durante
658 3610 800 3697 impleant
822 3621 853 3676 et
876 3610 1055 3685 obseruent;
1074 3613 1111 3675 iis
1133 3611 1222 3676 etiam
1244 3610 1362 3692 signiti-

175 3723 282 3796 cando,
298 3723 376 3808 quod
393 3721 534 3787 Maiestas
552 3743 605 3787 sua
621 3721 759 3796 intendit,
775 3723 933 3806 reciproce
948 3723 1081 3806 ipsorum
1094 3721 1280 3787 subditorum
1296 3720 1360 3805 pri·

175 3833 305 3916 uilegia,
321 3832 479 3905 libertates
501 3838 532 3897 et
554 3834 754 3896 immunitates
777 3832 853 3916 (Bt.
873 3831 993 3917 171⁶.)
1017 3853 1073 3918 per
1094 3836 1191 3916 ipsum
1216 3850 1360 3896 summum

175 3942 352 4027 guberninm
369 3941 535 4015 obseruari,
552 3962 588 4007 ac
604 3943 723 4006 nomine
739 3961 812 4008 suae
828 3942 995 4006 Maiestatis
1010 3962 1046 4005 ac
1061 3942 1162 4006 fratris
1178 3942 1358 4017 confirmari,

177 4054 280 4118 mrim
297 4054 470 4136 potestatis,
493 4053 538 4116 eis
560 4050 599 4115 ad
621 4052 651 4116 id
667 4052 846 4122 attributae,
867 4055 957 4136 prout
973 4052 1061 4116 etiam
1077 4055 1205 4137 ipsamet
1219 4053 1359 4118 Maiestas
1378 4026 1384 4041 ’

176 4165 205 4228 in
222 4182 276 4227 suo
292 4163 424 4247 proximo
442 4161 570 4226 adventu
586 4160 774 4225 confirmabit
791 4168 821 4225 et
837 4160 1031 4246 approbabit,
1049 4162 1224 4248 curabitque
1239 4163 1359 4225 interim

178 4291 243 4336 cum
260 4271 367 4336 uicinis
384 4272 516 4355 ipsarum
532 4269 753 4353 prouinciarum
769 4289 874 4354 pacem
892 4269 1020 4343 habere,
1042 4290 1078 4334 ac
1102 4270 1184 4356 ipsas
1200 4271 1313 4355 patrias
1328 4271 1360 4334 in

178 4401 253 4464 pace
269 4387 301 4444 et
316 4379 528 4466 tranquillitate
545 4378 673 4443 firmare.
698 4378 735 4471 lit
750 4381 775 4443 si
791 4380 938 4465 quispiam
954 4359 983 4442 in
999 4381 1082 4462 ipsas
1099 4381 1210 4463 patrias
1226 4380 1360 4444 inuasio·

179 4509 245 4552 nem
273 4488 404 4561 faceret,
431 4495 483 4553 aut
503 4487 615 4552 bellum
639 4495 789 4559 moueret,
825 4507 941 4551 omnem
969 4488 1135 4573 praestabit
1160 4508 1281 4572 operam
1307 4510 1360 4554 sua

180 4598 338 4672 Maiestas,
364 4602 395 4662 ut
417 4598 533 4663 eisdem
554 4597 683 4667 subditis
704 4617 758 4683 pro
781 4618 884 4664 eorum
906 4597 999 4662 tutela
1023 4596 1144 4661 debitae
1171 4600 1361 4681 praestentur

182 4709 347 4792 suppetiae.
382 4706 531 4792 Quicquid
555 4706 645 4771 etiam
666 4707 762 4772 minus
784 4714 868 4771 recte
895 4710 926 4772 in
946 4708 1022 4792 ipsis
1049 4707 1213 4792 prouinciis
1241 4710 1360 4789 gestum
