3300 5342
245 509 294 581 52
436 566 439 573 Δ
800 535 879 593 asso.

241 683 369 749 mathias
392 683 523 750 letaliter
543 683 708 750 infirmatus
730 688 793 758 est,
813 687 846 747 ct
868 685 1002 748 mortuus
1019 701 1055 748 ex
1071 701 1107 746 ea
1124 683 1293 768 egritudine
1310 684 1432 751 misera-

242 791 351 865 biliter,
368 791 430 856 line
446 793 631 868 testamento,
642 792 704 858 line
715 790 919 857 sacramentis.
932 790 1077 854 llumores
1086 835 1230 855 .......
1236 814 1275 859 no
1282 838 1427 858 .......

120 921 142 966 a.
159 933 208 978 apr.
242 901 347 966 mortis
363 901 555 986 multiplices.
579 903 612 967 ln
628 901 732 985 vigilia
748 921 824 966 cene
840 899 964 969 domini.
986 901 1018 963 in
1033 903 1139 982 nocte,
1155 900 1185 964 in
1201 903 1330 968 danubio
1346 903 1432 969 duci·

106 1029 142 1075 la
158 1042 208 1086 apr.
240 1016 300 1083 tur,
317 1014 350 1075 ut
365 1010 476 1084 dicunt,
493 1029 603 1095 corpus
619 1010 657 1075 ad
672 1010 836 1096 nogariam,
849 1013 881 1074 et
893 1009 924 1074 in
934 1007 1143 1075 sestiuitatihus
1156 1009 1312 1096 (pnste.
1330 1012 1433 1077 Tertia

241 1121 317 1185 soria
347 1138 485 1205 pompam
524 1117 687 1183 suneralem
711 1136 778 1184 oum
806 1122 927 1184 verctm
954 1138 1049 1183 vacuo
1078 1118 1205 1184 fecimus
1227 1124 1258 1183 et
1291 1120 1432 1204 exequias

242 1228 360 1292 bienna.
374 1228 437 1293 Sed
450 1227 554 1309 regina
564 1247 624 1291 non
636 1224 816 1311 sequebatur
825 1229 987 1301 veretrum,
1003 1226 1055 1291 sed
1068 1226 1215 1312 (solum)
1226 1227 1284 1292 dux
1296 1230 1431 1293 ioannes.

240 1334 361 1400 Nullum
378 1336 562 1419 pannerium,
578 1334 676 1401 nullus
691 1334 825 1407 tubicen,
841 1339 875 1400 ut
891 1354 954 1398 mos
969 1334 1057 1399 huius
1073 1334 1173 1419 patrio
1188 1333 1289 1407 habet,
1305 1335 1433 1400 meuses

241 1443 359 1508 auditus
379 1449 437 1508 est.
461 1444 543 1509 Deus
560 1445 656 1509 nostri
672 1445 800 1510 omnium
817 1444 1032 1530 (miserere).
1048 1445 1152 1509 lmen.
1183 1442 1282 1529 Vsque
1303 1443 1341 1507 ad
1358 1463 1431 1526 pro-

103 1575 142 1620 ao.
159 1587 208 1632 apr.
240 1552 344 1617 sessum
360 1550 488 1637 philippi
504 1557 535 1616 ct
550 1552 648 1618 iacobi
663 1557 727 1617 tres
743 1552 872 1618 florenos
888 1549 1429 1634 (1111111111,11111111111.,821.

240 1661 320 1725 Laus
344 1660 400 1725 tibi
422 1658 503 1726 ihesu
527 1660 650 1735 christo,
673 1661 836 1726 benedicte
858 1662 888 1725 in
908 1658 1018 1725 secula.
1046 1661 1150 1725 Amen.
1188 1659 1333 1746 (Pn)soe
1350 1660 1430 1742 ignis

12 1790 90 1835 aa·
104 1789 141 1835 lo.
158 1803 208 1849 apr.
241 1787 366 1850 magnus
382 1769 412 1833 in
428 1767 554 1837 Vienna.
600 1768 673 1834 ltem
690 1789 744 1855 per
759 1768 881 1853 ldaijum
896 1773 960 1834 tres
978 1769 1109 1834 florenos
1121 1766 1329 1854 mgaricales,
1346 1768 1433 1852 quin·

241 1897 299 1961 que
314 1876 464 1950 senenses,
481 1877 588 1958 viginti
603 1875 696 1941 libras
712 1877 743 1941 d.
768 1876 873 1943 Gloria
893 1877 1004 1944 summo
1026 1876 1110 1943 ihesu
1133 1877 1243 1943 christo
1265 1878 1295 1942 in
1319 1876 1430 1943 secula.

103 2006 142 2054 aa.
158 2005 211 2065 maj.
242 1985 301 2048 Die
316 1985 466 2051 dominica
482 1991 551 2049 ante
566 1984 811 2069 (penthecostes
826 2006 889 2071 pue
900 1987 983 2072 Duil
999 1985 1053 2050 23.
1070 1985 1154 2070 11111,
1170 2005 1257 2050 mane
1274 1984 1348 2050 hora
1365 1986 1432 2052 sere

242 2091 339 2166 sexta,
361 2099 465 2179 quarta
485 2098 571 2178 parte
593 2093 669 2158 hore
685 2093 891 2168 antelmium,
908 2093 1039 2160 nascitur
1055 2093 1148 2167 Anna,
1165 2093 1226 2159 lilia
1242 2115 1307 2162 mea
1324 2096 1431 2180 prima.

122 2224 143 2271 l.
156 2223 201 2281 ju.
242 2200 348 2267 Gloria
363 2208 394 2267 et
409 2203 513 2266 iterum
530 2202 628 2286 gloria
644 2200 791 2267 altiliimo.
816 2200 919 2287 (Item
932 2203 1056 2287 usque)
1071 2204 1197 2288 primam
1209 2203 1283 2286 Julij
1299 2205 1432 2290 quinque

242 2309 371 2376 florenos
388 2311 589 2393 anguicolae,
607 2310 650 2376 14
664 2309 757 2375 libras
773 2310 814 2385 (1.,
831 2315 894 2374 tres
909 2310 1039 2376 florenos
1054 2309 1207 2375 senenses.
1231 2310 1335 2377 Gloria
1348 2311 1430 2378 altis·

97 2412 213 2502 '1.·o3.
242 2422 329 2484 simo.
353 2420 458 2486 Amen.
502 2419 576 2485 ltom
602 2420 642 2484 ad
667 2419 792 2505 primam
815 2417 938 2503 Augusti
966 2418 1043 2484 duos
1069 2419 1200 2484 florenos
1226 2420 1431 2503 ungarioales,

121 2549 143 2595 1.
161 2563 215 2611 ng.
243 2527 381 2593 undecim
407 2514 505 2594 libras
530 2528 562 2596 1.
589 2527 693 2595 Gloria
720 2528 777 2595 deo
802 2528 900 2611 (pop.
919 2528 1000 2611 11).
1055 2526 1130 2592 ltem
1151 2528 1283 2593 secunda
1303 2529 1431 2612 Augusti

242 2638 400 2704 consessus
424 2657 508 2710 sum,
536 2636 573 2702 ad
594 2637 727 2720 graciam
752 2635 877 2711 iubilei,
904 2637 979 2701 hora
1001 2635 1100 2700 media
1122 2640 1192 2721 post
1212 2636 1338 2721 primam
1361 2641 1432 2722 post

242 2745 415 2818 merediem
442 2747 633 2833 (Mapsotro
647 2745 891 2829 sigismundo)
913 2743 1062 2810 Frosohel
1083 2764 1120 2809 ex
1142 2746 1241 2830 grein,
1263 2747 1430 2822 octonario,

241 2855 386 2940 compatri
403 2874 469 2920 meo
485 2858 517 2919 et
532 2854 609 2940 patri
626 2853 762 2918 amando.
785 2851 825 2916 Et
838 2873 893 2938 pro
909 2851 1086 2937 parentibus
1101 2853 1226 2939 imposui
1237 2854 1431 2939 (dimidiam

239 2963 362 3026 libram
386 2965 615 3035 denariorum,
640 2972 672 3027 et
690 2981 753 3045 pro
775 2961 931 3045 domino)
954 2960 1164 3027 Bartholomeo
1189 2962 1429 3049 Seyherspelsoh‚

241 3070 400 3146 defunctis,
416 3070 567 3136 dimidiam
592 3069 699 3135 libram
729 3069 771 3143 1.,
801 3074 834 3133 et
850 3090 914 3154 ·pro
939 3067 1142 3135 consessionali
1166 3091 1221 3156 pro
1237 3091 1285 3135 mo
1301 3077 1331 3138 et
1347 3072 1431 3136 mori

241 3183 284 3248 80
309 3181 338 3247 d.
385 3180 460 3245 Item
482 3201 537 3266 pro
560 3178 780 3254 confessionali,
807 3198 863 3264 pro
885 3176 983 3243 uilius
1003 3177 1093 3253 liliis,
1122 3178 1295 3265 leopoldo,
1322 3180 1430 3253 cosma.

241 3288 353 3355 andrea
369 3293 400 3352 et
416 3288 475 3353 filia
491 3289 586 3362 Anna,
604 3288 647 3354 80
663 3288 693 3353 1.
717 3286 920 3373 Predictoque
937 3287 987 3352 dio
1003 3285 1119 3352 visitani
1138 3270 1252 3373 septem
1269 3288 1430 3354 ecclesias:

241 3397 275 3463 8.
290 3397 381 3483 petri,
396 3397 467 3462 item
484 3396 602 3468 crucis,
623 3397 696 3461 item
711 3395 804 3460 marie
820 3395 960 3468 maioris,
988 3392 1022 3458 8.
1038 3393 1210 3477 Laurencij,
1232 3396 1304 3461 item
1320 3394 1432 3462 latera·

240 3525 374 3580 nensem,
400 3505 471 3570 item
499 3503 682 3577 sebastiani,
715 3505 787 3568 item
811 3503 845 3567 8.
867 3502 951 3569 Pauli
964 3500 1005 3589 ¹).
1029 3502 1087 3567 luit
1107 3522 1225 3568 mecum
1248 3503 1326 3569 lilius
1342 3523 1427 3570 meus

240 3614 456 3699 primogenitus
473 3612 654 3698 Leopoldus.
679 3611 760 3677 onr
773 3610 913 3698 imposuit
927 3632 981 3696 pro
997 3610 1028 3676 se
1039 3611 1114 3677 duas
1126 3611 1219 3677 lilsras
1232 3611 1274 3686 1.,
1291 3633 1347 3699 pro
1363 3615 1429 3680 eius

240 3733 326 3808 patre
348 3727 463 3788 mortuo
486 3720 636 3786 dimidiam
658 3720 765 3786 libram
787 3720 830 3795 d..
857 3739 914 3806 pro
935 3722 1001 3785 eius
1022 3722 1125 3805 priore
1145 3720 1270 3795 marito,
1301 3723 1429 3805 georgio

241 3829 477 3915 silberprennor,
504 3828 655 3893 dimidiam
677 3828 784 3896 libram
807 3829 838 3894 d.
861 3828 929 3912 Ego
945 3846 1001 3914 pro
1023 3848 1071 3892 me
1095 3828 1169 3893 duas
1193 3828 1287 3895 libras
1305 3829 1346 3904 1.,
1373 3851 1428 3915 pro

240 3939 415 4026 parentibus
437 3937 588 4004 dimidiam
603 3937 711 4003 libram
728 3939 768 4013 1.,
784 3958 841 4025 pro
865 3936 984 4002 domino
1004 3936 1216 4002 Bartholomeo
1237 3937 1430 4025 Sepberspels

240 4048 391 4115 dimidiam
405 4047 513 4114 libram
528 4048 557 4113 d.
574 4049 718 4114 Dominus
734 4048 810 4115 deus
826 4047 876 4111 lua
891 4027 1097 4112 misericoodia
1115 4066 1169 4113 nos
1189 4047 1297 4133 suaque
1313 4048 1429 4132 pietate

280 4370 306 4446 ¹)
324 4372 360 4427 Es
377 4370 435 4426 sind
450 4370 574 4442 sospende
586 4369 699 4425 Kirohon
712 4368 760 4425 der
772 4370 855 4426 81111
866 4369 918 4425 111
931 4370 1071 4426 1111111111
1083 4371 1213 4442 gamains:
1237 4371 1265 4426 S.
1278 4372 1358 4426 Peter
1375 4371 1429 4427 111

342 4463 349 4477 .
406 4464 412 4477 .
463 4462 469 4475 .
535 4461 541 4474 .
592 4476 607 4513 ⁰
793 4460 800 4473 .
896 4460 903 4474 .
1159 4462 1165 4475 .
1350 4501 1358 4525 ,
1404 4462 1411 4476 .

323 4460 604 4608 111111Ῐῖ1ῗῖ.
613 4478 661 4606 d:
673 4460 1429 4623 ltdg?sltsszllltil‘ttttss.liliis

204 4690 207 4695 .
324 4646 352 4698 8.
365 4644 497 4699 Dorotlsoa
515 4644 541 4699 in
558 4643 607 4697 der
622 4641 829 4714 gleichnomipsn
848 4642 968 4708 Strasse,
993 4643 1022 4699 8.
1035 4643 1172 4700 8111111111
1191 4645 1244 4699 111
1259 4644 1426 4700 1111111111

325 4735 373 4789 der
385 4734 570 4799 laaadslrasse,
588 4733 692 4789 endlich
701 4732 734 4788 8.
748 4732 811 4789 Paul
824 4732 851 4787 io
863 4732 994 4805 Erdinoi-g.
